timestamp,best_bid_price,best_bid_qty,best_ask_price,best_ask_qty,bid_vol_sum,ask_vol_sum
1768353131,94852.51,2.15631,94852.52,2.49949,2.56676,2.52613
1768353131,94852.51,2.15631,94852.52,2.49931,2.56676,2.52577
1768353131,94852.51,2.15631,94852.52,2.49931,2.56676,2.52577
1768353131,94852.51,2.42885,94852.52,2.33209,3.17256,2.35855
1768353132,94852.51,2.55785,94852.52,2.34535,3.30162,2.37205
1768353132,94852.51,2.55785,94852.52,2.34523,3.30162,2.37181
1768353132,94852.51,2.66685,94852.52,2.35926,3.41062,2.38584
1768353132,94852.51,2.68749,94852.52,2.35926,3.43126,2.38584
1768353132,94852.51,2.68749,94852.52,2.35932,3.43126,2.38596
1768353132,94852.51,2.68749,94852.52,2.35926,3.43126,2.38584
1768353132,94852.51,2.68749,94852.52,2.35926,3.43126,2.38584
1768353132,94852.51,2.68737,94852.52,2.35905,3.42415,2.38563
1768353132,94852.51,2.68749,94852.52,2.35965,3.07587,2.38623
1768353132,94852.51,2.69559,94852.52,1.55835,3.08397,1.58487
1768353133,94852.51,2.69559,94852.52,2.35563,3.08397,2.38215
1768353133,94852.51,2.69559,94852.52,2.35775,3.08397,2.38427
1768353133,94852.51,2.69559,94852.52,2.35775,3.08397,2.38427
1768353133,94852.51,2.6894,94852.52,2.35775,3.07778,2.38427
1768353133,94852.51,2.6888,94852.52,1.55643,3.42522,1.58295
1768353133,94852.51,2.6888,94852.52,1.5547,3.41261,1.58122
1768353133,94852.51,2.68874,94852.52,1.42267,4.35363,1.44919
1768353133,94852.51,2.68863,94852.52,1.42297,4.57784,1.44786
1768353133,94852.51,2.68869,94852.52,1.39911,4.57796,1.42406
1768353133,94852.51,2.68863,94852.52,1.377,4.61809,1.40195
1768353134,94852.51,2.68863,94852.52,1.40092,4.61809,1.42587
1768353134,94852.51,2.68863,94852.52,1.61585,4.61809,1.6408
1768353134,94852.51,3.69659,94852.52,0.0725,5.00172,0.09751
1768353134,94864.22,2.45049,94864.23,2.46107,2.54193,2.89257
1768353134,94864.22,2.36008,94864.23,2.56978,2.41436,2.80575
1768353134,94864.22,2.38777,94864.23,2.5696,2.45816,2.71272
1768353134,94864.22,2.36117,94864.23,2.44005,3.3534,2.53538
1768353134,94864.22,4.06897,94864.23,1.53242,4.26301,1.5355
1768353134,94864.22,4.11203,94864.23,2.14911,4.25063,2.15219
1768353134,94864.22,3.80827,94864.23,2.14883,3.94717,2.90191
1768353135,94864.22,3.80827,94864.23,2.14856,3.95216,2.9017
1768353135,94864.22,3.80833,94864.23,2.16935,3.95234,3.16347
1768353135,94864.22,3.80833,94864.23,2.17001,3.95234,3.16431
1768353135,94864.22,3.80824,94864.23,2.16965,3.95225,3.16383
1768353135,94864.22,3.19693,94864.23,2.65497,3.2875,3.64861
1768353135,94864.22,1.95278,94864.23,2.65557,2.03339,3.64921
1768353135,94864.22,1.4278,94864.23,2.65557,1.45846,3.69051
1768353135,94864.22,1.41412,94864.23,2.6937,1.4843,3.82703
1768353135,94864.22,1.4278,94864.23,2.73129,1.45903,3.8818
1768353135,94864.22,1.36039,94864.23,3.46119,1.3915,4.61188
1768353136,94864.22,1.48066,94864.23,3.50022,1.54964,4.65091
1768353136,94864.22,1.48066,94864.23,2.78842,1.51183,3.93911
1768353136,94864.22,1.48066,94864.23,2.78842,1.55111,3.93911
1768353136,94864.22,1.48066,94864.23,2.78842,1.55111,3.93911
1768353136,94864.22,1.48066,94864.23,2.78842,1.55111,3.92117
1768353136,94864.22,1.53899,94864.23,2.77044,1.60944,3.90353
1768353136,94864.22,1.53905,94864.23,2.77044,1.6095,3.90353
1768353136,94864.22,1.53905,94864.23,2.77044,1.57016,3.90353
1768353136,94863.14,0.12678,94863.15,5.57943,0.15272,13.25623
1768353136,94852.51,1.59569,94852.52,4.95258,1.60087,6.29253
1768353137,94852.51,1.68044,94852.52,5.06006,1.68806,5.12305
1768353137,94852.51,2.24836,94852.52,5.06048,2.25528,5.08091
1768353137,94852.51,2.23516,94852.52,5.06057,2.24,5.081
1768353137,94852.51,2.63828,94852.52,3.95734,2.64312,3.97769
1768353137,94852.51,2.6506,94852.52,3.57934,2.65544,3.59969
1768353137,94852.51,2.73205,94852.52,3.03368,2.73742,3.07688
1768353137,94852.51,2.73247,94852.52,3.03389,2.74305,3.07727
1768353137,94852.51,2.73265,94852.52,3.03383,2.74329,3.07721
1768353137,94852.51,2.73265,94852.52,3.03383,2.79597,3.07721
1768353137,94852.51,2.73265,94852.52,3.03377,2.79702,3.07709
1768353138,94852.51,2.73265,94852.52,3.03711,2.79702,3.08037
1768353138,94852.51,2.73265,94852.52,3.03711,2.79702,3.08037
1768353138,94852.51,2.73265,94852.52,3.03711,2.74434,3.08037
1768353138,94852.51,2.73765,94852.52,3.03705,2.74934,3.08025
1768353138,94852.51,2.73765,94852.52,3.03705,2.74934,3.17857
1768353138,94852.51,2.73765,94852.52,3.03705,2.74934,3.17857
1768353138,94852.51,2.73765,94852.52,3.05595,2.74934,3.19747
1768353138,94852.51,2.6309,94852.52,3.05617,2.64259,3.19769
1768353138,94852.51,2.63054,94852.52,3.05584,2.64223,3.19736
1768353138,94852.51,2.63054,94852.52,3.05584,2.64223,3.19736
1768353139,94852.51,2.92316,94852.52,3.05602,2.92682,3.19829
1768353139,94852.51,2.92298,94852.52,3.05614,2.92646,3.20644
1768353139,94852.51,2.91454,94852.52,3.05611,2.91802,3.20653
1768353139,94852.51,2.91454,94852.52,3.05605,2.91802,3.20641
1768353139,94852.51,2.91936,94852.52,3.05629,2.92284,3.20671
1768353139,94852.51,2.9752,94852.52,3.13195,2.97868,3.28231
1768353139,94852.51,2.9752,94852.52,3.05605,2.97868,3.10809
1768353139,94852.51,2.9752,94852.52,3.05617,2.97868,3.14797
1768353139,94852.51,2.9752,94852.52,3.05327,2.97868,3.14546
1768353139,94852.51,2.9752,94852.52,3.05333,2.97868,3.14654
1768353140,94852.51,2.9752,94852.52,3.05339,2.97868,3.25861
1768353140,94852.51,2.97502,94852.52,2.94947,2.9785,2.98449
1768353140,94852.51,2.97502,94852.52,2.94938,2.9785,2.98341
1768353140,94852.51,2.97502,94852.52,2.94937,2.9785,2.97543
1768353140,94852.51,2.97488,94852.52,2.94898,2.97836,2.97486
1768353140,94852.51,2.97488,94852.52,2.94895,2.97836,2.97477
1768353140,94852.51,2.97488,94852.52,2.94907,2.97836,2.97501
1768353140,94852.51,2.97488,94852.52,2.94901,2.97836,2.97489
1768353140,94852.51,2.97488,94852.52,2.94895,2.97836,2.97477
1768353140,94852.51,2.97446,94852.52,2.65711,2.97764,2.68341
1768353141,94852.51,3.0321,94852.52,0.77908,3.03522,0.8052
1768353141,94852.51,3.03222,94852.52,0.77911,3.03529,0.80511
1768353141,94852.51,3.03222,94852.52,0.70742,3.03529,0.73354
1768353141,94852.51,3.03222,94852.52,1.42366,3.03529,1.44972
1768353141,94852.51,3.0371,94852.52,1.41428,3.04017,1.4404
1768353141,94852.51,3.0371,94852.52,1.41371,3.04017,1.43977
1768353141,94852.51,3.0371,94852.52,1.48155,3.04017,1.50773
1768353141,94852.51,3.0371,94852.52,1.48164,3.04017,1.50794
1768353141,94852.51,3.0371,94852.52,1.48152,3.04017,1.5077
1768353141,94852.51,3.0421,94852.52,1.48152,3.04517,1.5077
1768353142,94852.51,3.04216,94852.52,1.48158,3.04523,1.50776
1768353142,94852.51,3.04216,94852.52,1.40959,3.04523,1.43583
1768353142,94852.51,3.04216,94852.52,1.40953,3.04523,1.43571
1768353142,94852.51,3.04216,94852.52,1.40959,3.04523,1.43577
1768353142,94868.05,1.30372,94868.06,3.81618,1.67389,3.83427
1768353142,94868.05,0.63959,94868.06,3.82152,1.0081,3.84946
1768353142,94868.05,0.55282,94868.06,3.84522,0.92133,3.86625
1768353142,94868.05,0.37191,94868.06,3.92925,0.73515,3.93892
1768353142,94868.05,0.37191,94868.06,4.22937,0.73503,4.23904
1768353142,94868.05,0.37679,94868.06,4.22937,0.73979,4.23904
1768353143,94861.4,1.11827,94861.41,4.63727,1.51121,4.75897
1768353143,94861.4,1.20503,94861.41,4.64155,1.59923,4.79753
1768353143,94861.4,1.21022,94861.41,4.64179,1.59933,4.77209
1768353143,94861.4,1.21022,94861.41,4.64179,1.56536,4.75859
1768353143,94861.4,1.22016,94861.41,4.64179,1.61349,4.75865
1768353143,94861.4,1.21987,94861.41,4.64179,1.6132,4.78779
1768353143,94861.4,1.21787,94861.41,4.4469,1.61126,4.56382
1768353143,94861.4,1.21769,94861.41,4.4469,1.61205,4.56382
1768353143,94861.4,1.2179,94861.41,4.44696,1.6125,4.59884
1768353143,94861.4,1.2179,94861.41,4.44723,1.6125,4.59923
1768353144,94861.4,1.21482,94861.41,4.44717,1.60948,4.59935
1768353144,94861.4,1.20108,94861.41,4.44717,1.59521,4.60513
1768353144,94861.4,0.33286,94861.41,4.52283,0.68794,4.63337
1768353144,94861.4,0.45334,94861.41,4.58647,0.80812,4.66449
1768353144,94861.4,0.4669,94861.41,4.58665,0.82162,4.63761
1768353144,94861.4,0.46729,94861.41,4.88668,0.82213,4.97719
1768353144,94861.4,0.48691,94861.41,4.88317,0.84175,4.97368
1768353144,94861.4,0.48691,94861.41,4.89691,0.84175,5.00038
1768353144,94861.4,0.48694,94861.41,4.89727,0.8419,5.0011
1768353144,94861.4,0.48688,94861.41,4.89727,0.84172,5.00116
1768353145,94861.4,0.48697,94861.41,4.88357,0.84193,4.98746
1768353145,94863.05,3.78886,94863.06,1.6235,4.04186,1.69467
1768353145,94863.05,3.80352,94863.06,1.65413,4.07036,1.70839
1768353145,94863.05,4.01737,94863.06,1.6785,4.05752,1.83635
1768353145,94863.05,4.01757,94863.06,1.67862,4.09659,1.83653
1768353145,94863.05,4.01757,94863.06,1.67862,4.09659,1.83653
1768353145,94863.05,4.02945,94863.06,1.67862,4.14125,1.87674
1768353145,94863.05,4.02957,94863.06,1.67844,4.14137,1.87656
1768353145,94863.05,3.9507,94863.06,2.18816,4.20451,2.38628
1768353145,94863.05,4.10852,94863.06,2.67823,4.22032,3.54324
1768353146,94863.05,4.10852,94863.06,2.67823,4.2202,3.54324
1768353146,94863.05,4.10852,94863.06,2.67823,4.2202,3.54554
1768353146,94863.05,4.10852,94863.06,2.67823,4.2202,3.54324
1768353146,94863.05,3.60116,94863.06,2.77371,3.63526,3.94692
1768353146,94863.05,3.58542,94863.06,2.77386,3.64984,3.94719
1768353146,94863.05,3.5991,94863.06,2.77386,3.66352,3.94719
1768353146,94863.05,3.59766,94863.06,2.6961,3.70057,3.86949
1768353146,94863.05,3.59784,94863.06,2.6961,3.67067,3.86949
1768353146,94863.05,3.59784,94863.06,2.69604,3.67067,3.86937
1768353146,94863.05,3.59784,94863.06,2.68602,3.67067,3.85935
1768353147,94863.05,3.60284,94863.06,2.69595,3.63718,3.86928
1768353147,94863.05,3.60319,94863.06,2.69595,3.66773,3.86928
1768353147,94863.05,3.60313,94863.06,2.69595,3.67371,3.86928
1768353147,94863.05,3.60313,94863.06,2.69589,3.6685,3.86916
1768353147,94863.05,3.60319,94863.06,2.69603,3.66856,3.06078
1768353147,94863.05,0.5492,94863.06,2.86667,0.61593,3.26959
1768353147,94860.95,0.0003,94860.96,5.74909,0.00635,13.29028
1768353147,94855.64,0.75276,94855.65,5.33849,0.75916,11.73131
1768353147,94855.64,0.67367,94855.65,5.97758,0.69279,6.13416
1768353147,94855.64,0.0282,94855.65,5.96514,0.38174,6.11072
1768353148,94853.56,0.56739,94853.57,5.39681,0.57014,6.25759
1768353148,94853.56,0.74957,94853.57,5.4372,0.76642,5.51632
1768353148,94853.56,0.74977,94853.57,4.89184,0.7668,5.33954
1768353148,94853.56,0.75013,94853.57,4.55524,0.81121,5.32196
1768353148,94853.56,0.75953,94853.57,4.55533,0.78275,5.32223
1768353148,94853.56,0.75953,94853.57,4.55533,0.76907,5.32223
1768353148,94853.56,0.75941,94853.57,4.20737,0.78233,5.28398
1768353148,94853.56,0.75947,94853.57,4.20737,0.78275,5.2841
1768353148,94853.56,0.75935,94853.57,4.20555,0.78251,5.32015
1768353148,94853.56,0.75924,94853.57,4.20564,0.82201,5.28243
1768353149,94853.56,0.75924,94853.57,4.20224,0.8071,5.00876
1768353149,94853.56,0.7593,94853.57,4.20233,0.78252,4.62463
1768353149,94853.56,0.7593,94853.57,4.20242,0.78258,5.00942
1768353149,94853.56,0.7593,94853.57,4.18883,0.82234,4.99595
1768353149,94853.56,0.7593,94853.57,4.20257,0.7827,4.66414
1768353149,94853.56,0.7593,94853.57,4.20241,0.7827,4.62482
1768353149,94853.56,0.7593,94853.57,4.20253,0.7827,4.62506
1768353149,94853.56,0.7593,94853.57,4.20253,0.7827,4.62568
1768353149,94853.56,0.7593,94853.57,4.20265,0.7827,4.62574
1768353149,94853.56,0.7593,94853.57,4.20265,0.78264,4.62586
1768353150,94853.56,1.1377,94853.57,4.29512,1.16116,4.67855
1768353193,94870.78,5.18595,94870.79,0.50051,5.25405,0.59154
1768353193,94870.78,5.18595,94870.79,0.50057,5.25405,0.59166
1768353193,94870.78,5.18571,94870.79,0.31334,5.29185,0.39321
1768353193,94870.78,5.18571,94870.79,0.33732,5.25375,0.45225
1768353193,94870.78,5.18571,94870.79,0.33744,5.25782,0.37435
1768353193,94870.78,5.18571,94870.79,0.33732,5.25788,0.45223
1768353194,94870.78,5.18391,94870.79,0.33386,5.25608,0.40593
1768353194,94870.78,5.18391,94870.79,0.33386,5.25201,0.40587
1768353194,94870.78,5.18391,94870.79,0.33386,5.25195,0.40587
1768353194,94870.78,5.1942,94870.79,0.32852,5.26224,0.40053
1768353194,94870.78,5.1942,94870.79,0.32858,5.26224,0.40059
1768353194,94870.78,5.1942,94870.79,0.32858,5.26224,0.40059
1768353194,94870.78,5.1942,94870.79,0.32852,5.26224,0.40053
1768353194,94870.78,5.1942,94870.79,0.32862,5.26224,0.40063
1768353194,94870.78,5.1942,94870.79,0.32862,5.26224,0.40063
1768353194,94870.78,5.1942,94870.79,0.32862,5.26224,0.40063
1768353195,94870.78,5.1942,94870.79,0.32862,5.26224,0.40063
1768353195,94870.78,5.1942,94870.79,0.32862,5.26224,0.40063
1768353195,94870.78,5.1942,94870.79,0.32862,5.26224,0.40063
1768353195,94870.78,5.1942,94870.79,0.32862,5.26224,0.40063
1768353195,94870.78,5.1942,94870.79,0.32862,5.26224,0.40063
1768353195,94870.78,5.1924,94870.79,0.32795,5.26044,0.3999
1768353195,94870.78,5.19246,94870.79,0.32311,5.2605,0.39506
1768353195,94870.78,5.19246,94870.79,0.32311,5.2605,0.39506
1768353195,94870.78,5.19246,94870.79,0.32311,5.2605,0.40286
1768353195,94870.78,4.98069,94870.79,0.32305,5.04873,0.40268
1768353196,94870.78,4.98069,94870.79,0.32314,5.04873,0.40277
1768353196,94870.78,4.98688,94870.79,0.3232,5.05492,0.35978
1768353196,94870.78,4.98688,94870.79,0.32314,5.05492,0.40277
1768353196,94870.78,4.98688,94870.79,0.32314,5.05492,0.40277
1768353196,94870.78,4.98688,94870.79,0.32309,5.05492,0.40272
1768353196,94870.78,4.98069,94870.79,0.32309,5.04873,0.40272
1768353196,94870.78,4.98069,94870.79,0.32309,5.04873,0.40272
1768353196,94870.78,4.98069,94870.79,0.32309,5.04873,0.40272
1768353196,94870.78,4.98069,94870.79,0.32309,5.04873,0.40272
1768353196,94870.78,4.97225,94870.79,0.31149,5.04029,0.39112
1768353197,94870.78,4.97225,94870.79,0.30991,5.04029,0.3896
1768353197,94870.78,4.97225,94870.79,0.31481,5.04029,0.3945
1768353197,94870.78,4.97225,94870.79,0.31487,5.04029,0.39462
1768353197,94870.78,4.97225,94870.79,0.31394,5.04029,0.39369
1768353197,94870.78,4.96996,94870.79,0.31469,5.038,0.39444
1768353197,94870.78,4.9784,94870.79,0.31469,5.04644,0.4276
1768353197,94870.78,4.9784,94870.79,0.31469,5.04644,0.35154
1768353197,94870.78,4.9784,94870.79,0.31334,5.04644,0.42605
1768353197,94870.78,4.9784,94870.79,0.31358,5.04644,0.38351
1768353197,94870.78,4.96748,94870.79,0.31346,5.03552,0.38339
1768353198,94870.78,4.96748,94870.79,0.31346,5.03552,0.38339
1768353198,94870.78,4.96748,94870.79,0.31349,5.03552,0.38342
1768353198,94870.78,4.96214,94870.79,0.31343,5.03018,0.39852
1768353198,94870.78,4.96214,94870.79,0.31349,5.03018,0.38877
1768353198,94870.78,4.96833,94870.79,0.31349,5.03637,0.38895
1768353198,94870.78,4.96833,94870.79,0.31349,5.03637,0.38895
1768353198,94870.78,4.96833,94870.79,0.31149,5.03637,0.38701
1768353198,94870.78,4.96833,94870.79,0.31149,5.03637,0.38701
1768353198,94870.78,4.96833,94870.79,0.31182,5.03637,0.38734
1768353198,94870.78,4.96833,94870.79,0.31182,5.03637,0.38734
1768353199,94870.78,4.96214,94870.79,0.31182,5.03018,0.38734
1768353199,94870.78,4.96214,94870.79,0.31182,5.03018,0.38734
1768353199,94870.78,4.96214,94870.79,0.31176,5.03018,0.38722
1768353199,94870.78,4.96214,94870.79,0.31176,5.03018,0.38722
1768353199,94870.92,6.31519,94870.93,0.00241,8.77696,0.05809
1768353199,94872,5.77906,94872.01,0.0034,9.17505,0.02555
1768353199,94874,3.93828,94874.01,0.00233,6.47237,0.00872
1768353199,94881.48,6.99749,94881.49,0.03919,7.38247,0.04311
1768353199,94881.48,6.22538,94881.49,0.02548,6.25739,0.03848
1768353199,94881.48,6.23051,94881.49,0.03047,6.26326,0.04341
1768353200,94881.48,6.2367,94881.49,0.03047,6.42906,0.04341
1768353200,94881.48,6.23651,94881.49,0.02563,6.42911,0.03863
1768353200,94881.48,6.22252,94881.49,0.03053,6.41512,0.07383
1768353200,94881.48,6.22252,94881.49,0.03053,6.41512,0.07383
1768353200,94881.48,6.22721,94881.49,0.03053,6.29619,0.07383
1768353200,94881.48,6.27216,94881.49,0.03053,6.32888,0.04355
1768353200,94881.48,6.5062,94881.49,0.04342,6.56322,0.05638
1768353200,94881.48,6.50001,94881.49,0.00555,6.54461,0.01851
1768353200,94881.48,6.5062,94881.49,0.00561,6.55068,0.01851
1768353200,94881.48,7.43489,94881.49,0.00561,7.47937,0.01845
1768353201,94881.48,7.43489,94881.49,0.00561,7.49183,0.01845
1768353201,94881.48,6.51239,94881.49,0.00567,6.56933,0.01851
1768353201,94881.5,4.80553,94881.51,0.00187,5.85988,0.0148
1768353201,94887.99,7.02848,94888,0.3261,9.83288,0.33496
1768353201,94887.99,7.39963,94888,0.33127,8.57459,0.34251
1768353201,94887.99,7.39963,94888,0.32643,8.43421,0.33779
1768353201,94887.99,7.39963,94888,0.32643,8.43858,0.33785
1768353201,94887.99,7.54164,94888,0.33157,8.58059,0.36328
1768353201,94887.99,7.54783,94888,0.63178,7.67391,0.65824
1768353201,94887.99,8.47033,94888,0.63184,8.59653,0.6583
1768353202,94887.99,8.47012,94888,0.63184,8.59632,0.6583
1768353202,94887.99,8.46789,94888,0.63184,8.59403,0.6583
1768353202,94887.99,8.46758,94888,0.6319,8.59372,0.65836
1768353202,94887.99,8.46758,94888,0.6319,8.59372,0.65836
1768353202,94887.99,8.47258,94888,0.6319,8.59872,0.65836
1768353202,94887.99,8.01748,94888,0.63184,8.08166,0.63433
1768353202,94887.99,7.38723,94888,1.08349,7.411,1.09125
1768353202,94887.99,4.02369,94888,1.59861,4.05448,1.60718
1768353202,94887.99,4.02113,94888,0.76117,4.10323,0.76974
1768353202,94887.99,4.01753,94888,0.77791,4.07342,0.78642
1768353203,94887.99,4.01759,94888,0.47797,4.0991,0.48654
1768353203,94887.99,4.01729,94888,0.47786,4.09892,0.48643
1768353203,94887.99,4.01729,94888,0.47786,4.09892,0.48643
1768353203,94887.99,4.0163,94888,0.47786,4.09793,0.48643
1768353203,94887.99,4.0163,94888,0.47774,4.09793,0.48619
1768353203,94887.99,4.0163,94888,0.46094,4.09793,0.46945
1768353203,94887.99,4.0163,94888,0.46094,4.09793,0.46945
1768353203,94887.99,4.0163,94888,0.46094,4.09793,0.46945
1768353203,94887.99,4.0163,94888,0.46061,4.08619,0.46831
1768353203,94887.99,4.022,94888,0.4605,4.09201,0.4682
1768353204,94887.99,4.022,94888,0.4605,4.09201,0.4682
1768353204,94887.99,4.022,94888,0.5485,4.10114,0.55631
1768353204,94887.99,4.022,94888,0.5485,4.10376,0.55631
1768353204,94887.99,4.022,94888,0.54187,4.10376,0.54974
1768353204,94887.99,4.0202,94888,0.54144,4.10196,0.54931
1768353204,94887.99,4.0202,94888,0.54144,4.10196,0.54931
1768353204,94887.99,4.01474,94888,1.37818,4.04149,1.38645
1768353204,94887.99,4.01456,94888,1.37848,4.0928,1.38675
1768353204,94887.99,4.13483,94888,0.47587,4.21307,0.48477
1768353204,94887.99,4.13477,94888,0.43345,4.15106,0.4418
1768353205,94887.99,4.13477,94888,0.43345,4.20273,0.44186
1768353205,94887.99,4.13477,94888,0.43345,4.20273,0.44186
1768353205,94887.99,4.13477,94888,0.43345,4.20273,0.44186
1768353205,94887.99,4.13477,94888,0.43345,4.20273,0.44186
1768353205,94887.99,4.13477,94888,0.76931,4.20529,0.77689
1768353205,94887.99,4.11705,94888,0.7682,4.19613,0.77653
1768353205,94887.99,4.11705,94888,0.7682,4.19873,0.77659
1768353205,94887.99,4.11694,94888,0.47582,4.18482,0.4834
1768353205,94887.99,4.11694,94888,0.47582,4.18744,0.48346
1768353205,94887.99,4.1172,94888,0.47389,4.1877,0.48236
1768353206,94887.99,4.1154,94888,0.76639,4.19437,0.77541
1768353206,94887.99,4.13165,94888,0.74959,4.21336,0.75815
1768353206,94887.99,3.29736,94888,1.6042,3.33911,1.61509
1768353206,94887.99,3.58656,94888,1.60429,3.65233,1.61506
1768353206,94887.99,3.58656,94888,1.60435,3.65251,1.61524
1768353206,94887.99,3.5985,94888,1.62115,3.66445,1.63204
1768353206,94887.99,3.5985,94888,1.62106,3.66445,1.63195
1768353206,94887.99,1.98265,94888,2.11493,2.00902,2.12522
1768353206,94887.99,1.88059,94888,2.16838,2.34775,2.17855
1768353206,94887.99,1.85744,94888,2.16838,1.96355,2.17855
1768353207,94887.99,1.97771,94888,2.13679,2.0837,2.14622
1768353207,94887.99,1.97771,94888,2.13679,2.08364,2.14622
1768353207,94887.99,2.10355,94888,2.13679,2.20948,2.14622
1768353207,94887.99,2.10367,94888,2.11839,2.20978,2.12782
1768353207,94887.99,2.10367,94888,2.11839,2.20978,2.12782
1768353207,94887.99,2.10007,94888,2.4594,2.20618,2.46883
1768353207,94887.99,2.10007,94888,2.45828,2.20624,2.46771
1768353207,94887.99,2.10007,94888,2.45828,2.20624,2.46771
1768353207,94887.99,2.10007,94888,2.46633,2.20624,2.47576
1768353207,94887.99,2.10007,94888,2.45816,2.20624,2.46759
1768353208,94887.99,2.09999,94888,2.45819,2.2061,2.46762
1768353208,94887.99,1.77519,94888,2.5816,1.88142,2.59103
1768353208,94887.99,1.68975,94888,2.5816,1.71642,2.60464
1768353208,94887.99,1.56348,94888,2.58169,1.59009,2.60491
1768353208,94887.99,1.56348,94888,2.58169,1.59009,2.60491
1768353208,94887.99,1.56342,94888,2.58169,1.58997,2.60491
1768353208,94887.99,1.55005,94888,2.59949,1.57696,2.62259
1768353208,94887.99,1.54999,94888,2.59949,1.59075,2.62259
1768353208,94887.99,1.54917,94888,2.59949,1.58993,2.62259
1768353208,94887.99,1.66902,94888,2.59938,1.70948,2.60881
1768353209,94887.99,0.44114,94888,2.65126,0.46787,2.66051
1768353209,94887.99,0.56111,94888,2.65326,0.57719,2.68695
1768353209,94887.99,0.22599,94888,2.65323,0.24033,2.6871
1768353209,94887.99,0.23066,94888,2.65323,0.27145,2.67116
1768353209,94887.99,0.2309,94888,2.69338,0.24688,2.71676
1768353209,94885.57,0.07819,94885.58,5.48416,0.08011,15.24335
1768353209,94885.57,0.10057,94885.58,5.50894,0.2084,14.96764
1768353209,94885.57,0.10087,94885.58,5.50988,0.20894,14.96878
1768353209,94885.57,0.10111,94885.58,5.50797,0.10894,14.93477
1768353209,94885.57,0.06401,94885.58,5.50986,0.07166,14.84866
1768353210,94885.57,0.06421,94885.58,5.50986,0.07149,11.15327
1768353210,94885.57,0.06415,94885.58,5.60182,0.07137,11.24535
1768353210,94885.57,0.02968,94885.58,5.59662,0.0369,11.24015
1768353210,94885.57,0.02968,94885.58,5.70435,0.0369,11.34788
1768353210,94885.57,0.02968,94885.58,5.70435,0.0369,11.34788
1768353210,94885.57,0.0298,94885.58,5.70965,0.03714,11.35318
1768353210,94885.57,0.0298,94885.58,5.70965,0.03714,11.35318
1768353210,94885.57,0.0298,94885.58,5.70625,0.03714,11.34978
1768353210,94885.57,0.0298,94885.58,5.70625,0.03714,11.34978
1768353210,94885.57,0.0298,94885.58,6.00637,0.03714,11.6499
1768353211,94885.57,0.00367,94885.58,6.95255,0.01089,10.19571
1768353211,94884.51,0.0007,94884.52,3.40974,0.11518,10.2878
1768353211,94884.51,0.02767,94884.52,3.45417,0.1478,8.67498
1768353211,94884.51,0.10403,94884.52,3.4582,0.22464,8.67377
1768353211,94884.51,0.10429,94884.52,3.40548,0.22454,8.65998
1768353211,94884.51,0.10429,94884.52,3.44557,0.2246,8.70025
1768353211,94884.51,0.1108,94884.52,3.49904,0.21857,8.66659
1768353211,94884.51,0.1108,94884.52,3.49904,0.21857,8.68037
1768353211,94884.51,0.03491,94884.52,3.49928,0.14274,8.67083
1768353211,94884.51,0.03491,94884.52,3.49922,0.14274,8.68462
1768353212,94884.51,0.03491,94884.52,3.49922,0.0425,8.68322
1768353212,94884.51,0.03491,94884.52,3.49922,0.0425,8.68322
1768353212,94884.51,0.03491,94884.52,3.49922,0.0425,8.59522
1768353212,94884.51,0.03479,94884.52,3.50994,0.04238,8.60594
1768353212,94872.48,1.03637,94872.49,3.52516,1.04109,4.96914
1768353212,94872.48,1.16113,94872.49,3.16606,1.17928,4.63161
1768353212,94872.48,1.16149,94872.49,3.25505,1.17778,4.72039
1768353212,94872.48,1.16145,94872.49,3.3005,1.17756,4.76598
1768353212,94872.48,1.79207,94872.49,3.29862,1.80818,4.75043
1768353212,94872.48,1.80209,94872.49,3.29862,1.8182,4.77313
1768353213,94872.48,1.79757,94872.49,3.36371,1.81374,4.8384
1768353213,94872.48,1.79757,94872.49,3.34668,1.81374,4.82137
1768353213,94872.48,1.79757,94872.49,3.34668,1.81374,4.82137
1768353213,94872.48,1.79731,94872.49,3.34668,1.81342,4.82143
1768353213,94872.48,1.79112,94872.49,3.34668,1.80723,4.82143
1768353213,94872.48,1.79112,94872.49,3.34668,1.80723,4.82143
1768353213,94872.48,1.79112,94872.49,3.34668,1.80723,4.78319
1768353213,94872.48,1.79112,94872.49,3.34668,1.80723,4.78301
1768353213,94872.48,1.791,94872.49,3.38178,1.80711,4.81811
1768353213,94872.48,2.15854,94872.49,3.17213,2.17465,4.60846
1768353214,94872.48,2.15848,94872.49,3.17213,2.17453,4.6084
1768353214,94872.48,2.16035,94872.49,3.17224,2.1764,4.60857
1768353214,94872.48,2.15033,94872.49,3.17224,2.16638,4.60607
1768353214,94872.48,2.15033,94872.49,3.17224,2.16638,4.60607
1768353214,94872.48,2.15033,94872.49,3.17224,2.16638,4.60607
1768353214,94872.48,2.15033,94872.49,3.17224,2.16638,4.60607
1768353214,94872.48,2.15039,94872.49,3.17214,2.16644,4.60597
1768353214,94872.48,2.53347,94872.49,0.3096,2.56541,1.72088
1768353214,94872.48,2.53353,94872.49,0.33354,2.56571,1.74479
1768353214,94872.48,2.53353,94872.49,0.33357,2.56571,1.74482
1768353215,94872.48,2.52034,94872.49,0.33357,2.55252,1.74482
1768353215,94872.48,2.52034,94872.49,0.33357,2.55252,1.74482
1768353215,94872.48,2.52034,94872.49,0.33363,2.55252,1.74488
1768353215,94872.48,2.55949,94872.49,0.87847,2.57782,2.63791
1768353215,94872.48,2.55943,94872.49,0.87859,2.57782,2.63809
1768353215,94872.48,2.55943,94872.49,0.89191,2.57782,2.65141
1768353215,94872.48,2.55943,94872.49,0.89197,2.57782,2.65153
1768353215,94872.48,2.52097,94872.49,1.39419,2.5789,3.15352
1768353215,94872.48,2.52097,94872.49,0.63853,2.53698,2.05001
1768353215,94872.48,2.52067,94872.49,0.34581,2.55278,1.75712
1768353216,94872.48,2.52073,94872.49,0.63846,2.53906,2.04982
1768353216,94872.48,2.52067,94872.49,0.63852,2.56337,2.39785
1768353216,94872.48,2.52067,94872.49,0.63861,2.56337,2.39806
1768353216,94872.48,2.52067,94872.49,0.64096,2.56337,2.40041
1768353216,94872.48,2.52067,94872.49,0.72323,2.56337,2.48268
1768353216,94872.48,2.52067,94872.49,0.87203,2.56337,2.63148
1768353216,94872.48,2.52067,94872.49,0.93283,2.56337,2.69228
1768353216,94872.48,2.85476,94872.49,0.72304,2.89746,2.48249
1768353216,94872.48,2.85476,94872.49,0.93264,2.89746,2.69209
1768353216,94872.48,2.85476,94872.49,0.93283,2.89746,2.69228
1768353217,94872.48,2.85476,94872.49,0.7226,2.89746,2.48205
1768353217,94872.48,2.85476,94872.49,0.7226,2.89746,2.48205
1768353217,94872.48,2.85476,94872.49,0.7226,2.89746,2.48205
1768353217,94872.48,2.85476,94872.49,0.7226,2.89746,2.48205
1768353217,94872.48,2.85476,94872.49,0.43005,2.89746,1.84153
1768353217,94872.48,2.85476,94872.49,0.43014,2.89746,1.84156
1768353217,94872.48,2.85476,94872.49,0.42932,2.93033,1.43194
1768353217,94872.48,2.85524,94872.49,0.42904,2.87387,1.86116
1768353217,94872.48,2.85518,94872.49,0.42957,2.87375,1.86181
1768353217,94872.48,2.85512,94872.49,0.42957,2.87357,1.86181
1768353218,94872.48,2.85512,94872.49,0.4476,2.87357,1.87984
1768353218,94872.48,2.85512,94872.49,0.44719,2.87357,1.87949
1768353218,94872.48,2.68245,94872.49,0.9942,2.7009,2.4265
1768353218,94872.48,2.68245,94872.49,0.99489,2.7009,2.42719
1768353218,94872.48,2.68245,94872.49,0.99489,2.7009,2.42719
1768353218,94872.48,2.68245,94872.49,0.99489,2.7009,2.77509
1768353218,94872.48,2.68245,94872.49,0.99498,2.7009,2.4274
1768353218,94872.48,2.68245,94872.49,0.99498,2.7009,2.4274
1768353218,94872.48,2.68245,94872.49,1.49708,2.7009,3.27735
1768353218,94872.48,2.68245,94872.49,1.49786,2.7009,3.27831
1768353219,94872.48,2.72098,94872.49,1.49792,2.73943,3.27837
1768353219,94872.48,2.72098,94872.49,1.28812,2.73943,3.06863
1768353219,94872.48,2.72448,94872.49,1.28812,2.74293,3.06863
1768353219,94872.48,2.72153,94872.49,1.28812,2.73998,3.06863
1768353219,94872.48,2.72153,94872.49,1.28812,2.73998,2.72066
1768353219,94872.48,2.72153,94872.49,1.28821,2.74008,2.72051
1768353219,94872.48,2.72153,94872.49,1.28821,2.74008,2.72051
1768353219,94872.48,2.72153,94872.49,1.28821,2.74008,2.72051
1768353219,94872.48,2.72153,94872.49,1.2887,2.74008,2.721
1768353219,94872.48,2.72147,94872.49,1.26781,2.73996,2.70017
1768353220,94872.48,2.72153,94872.49,1.27125,2.74008,2.70361
1768353220,94872.48,2.72153,94872.49,1.27125,2.74008,2.70361
1768353220,94872.67,5.55557,94872.68,0.04538,6.77349,0.14618
1768353220,94872.67,5.55673,94872.68,0.07068,6.78864,0.17191
1768353220,94872.67,5.56254,94872.68,0.04689,6.79322,0.14818
1768353220,94872.67,5.56274,94872.68,0.04689,6.79322,0.14818
1768353220,94872.67,5.56893,94872.68,0.0708,6.79918,0.07346
1768353220,94872.67,5.5764,94872.68,0.07095,6.79298,0.08044
1768353220,94872.67,5.5764,94872.68,0.05917,6.7928,0.06878
1768353220,94872.67,5.57615,94872.68,0.05881,6.79255,0.06842
1768353221,94873.03,5.83083,94873.04,0.00247,10.01136,0.08698
1768353221,94873.05,3.61169,94873.06,0.0264,5.60894,0.10955
1768353221,94889.74,4.35515,94889.75,0.60967,4.40898,0.61413
1768353221,94889.74,4.35643,94889.75,0.5858,4.36218,0.59115
1768353221,94889.74,4.58327,94889.75,0.50905,4.7293,0.51446
1768353221,94889.74,4.58333,94889.75,0.50916,4.73356,0.51457
1768353221,94889.74,4.70586,94889.75,1.05636,4.90638,1.06171
1768353221,94889.74,4.70586,94889.75,0.77593,4.88066,0.78128
1768353221,94889.74,4.84799,94889.75,1.08988,4.8809,1.09517
1768353221,94889.74,4.84803,94889.75,1.39038,4.88478,1.39573
1768353222,94889.74,4.84803,94889.75,1.39038,4.89974,1.39573
1768353222,94889.74,4.52349,94889.75,1.39026,4.5713,1.39555
1768353222,94889.74,4.52355,94889.75,1.47188,4.57142,1.47703
1768353222,94889.74,4.51171,94889.75,1.47188,4.56366,1.47717
1768353222,94889.74,4.42444,94889.75,1.472,4.47231,1.47729
1768353222,94889.74,4.28243,94889.75,1.472,4.33036,1.47729
1768353222,94889.74,4.28743,94889.75,1.6816,4.33542,1.68689
1768353222,94889.74,4.28743,94889.75,1.68166,4.33938,1.68701
1768353222,94889.74,4.28743,94889.75,1.68166,4.33944,1.68695
1768353222,94889.74,4.28743,94889.75,1.4746,4.33944,1.47989
1768353223,94889.74,4.28743,94889.75,1.47273,4.33944,1.47802
1768353223,94889.74,4.28743,94889.75,1.47273,4.33944,1.47802
1768353223,94889.74,4.28711,94889.75,1.68245,4.3351,1.68774
1768353223,94889.74,4.28711,94889.75,1.47475,4.33504,1.48004
1768353223,94889.74,4.28531,94889.75,1.47285,4.33725,1.47814
1768353223,94889.74,4.27165,94889.75,1.47364,4.32365,1.47893
1768353223,94889.74,4.26886,94889.75,1.5928,4.33196,1.59815
1768353223,94889.74,4.26886,94889.75,1.47358,4.33226,1.47899
1768353223,94889.74,4.26886,94889.75,1.47358,4.33226,1.47899
1768353223,94889.74,4.26582,94889.75,1.47358,4.32765,1.47899
1768353224,94889.74,4.26582,94889.75,2.31336,4.32759,2.31877
1768353224,94889.74,4.26582,94889.75,2.31535,4.32759,2.32076
1768353224,94889.74,4.27464,94889.75,1.59893,4.33403,1.60434
1768353224,94889.74,4.27464,94889.75,1.59704,4.33403,1.60245
1768353224,94889.74,4.27464,94889.75,1.80853,4.33403,1.81394
1768353224,94889.74,4.27464,94889.75,2.0066,4.33403,2.01195
1768353224,94889.74,4.25445,94889.75,1.80846,4.31384,1.81381
1768353224,94889.74,4.25445,94889.75,1.80852,4.31384,1.81393
1768353224,94889.74,4.25445,94889.75,1.80786,4.31384,1.81327
1768353224,94889.74,4.25445,94889.75,1.80792,4.31384,1.81339
1768353225,94889.74,4.21478,94889.75,2.23336,4.27417,2.23877
1768353225,94889.74,4.25327,94889.75,1.80774,4.31266,1.81321
1768353225,94889.74,4.25327,94889.75,1.80774,4.31266,1.81321
1768353225,94889.74,4.24813,94889.75,1.80768,4.30752,1.81309
1768353225,94889.74,4.24633,94889.75,1.80774,4.30572,1.81321
1768353225,94889.74,4.25258,94889.75,1.80839,4.31203,1.81392
1768353225,94889.74,5.18207,94889.75,1.02709,5.22774,1.03244
1768353225,94889.74,5.18201,94889.75,1.25865,5.23071,1.27693
1768353225,94889.74,5.18207,94889.75,1.25874,5.23083,1.2772
1768353225,94889.74,5.18201,94889.75,1.25874,5.23071,1.2772
1768353226,94889.74,5.1882,94889.75,1.26066,5.2369,1.27912
1768353226,94889.74,4.2667,94889.75,1.26066,4.3154,1.27912
1768353226,94889.74,4.2667,94889.75,1.59016,4.3154,1.60862
1768353226,94889.74,4.1827,94889.75,2.03799,4.2314,2.05645
1768353226,94889.74,4.17712,94889.75,1.59156,4.22582,1.61002
1768353226,94889.74,4.52503,94889.75,1.26206,4.57373,1.28052
1768353226,94889.74,4.53122,94889.75,1.262,4.57992,1.2804
1768353226,94889.74,4.51756,94889.75,1.20584,4.56626,1.22424
1768353226,94889.74,4.51762,94889.75,1.20584,4.56638,1.22424
1768353226,94889.74,4.51762,94889.75,1.20584,4.56638,1.22424
1768353227,94889.74,4.51762,94889.75,1.20584,4.56638,1.22424
1768353227,94889.74,4.51143,94889.75,1.20583,4.56019,1.22423
1768353227,94889.74,4.50963,94889.75,1.20583,4.55839,1.22423
1768353227,94889.74,4.42631,94889.75,1.20583,4.47507,1.22423
1768353227,94889.74,4.42021,94889.75,0.99647,4.46879,1.00127
1768353227,94889.74,4.42225,94889.75,0.98412,4.47089,0.98923
1768353227,94889.74,4.41609,94889.75,1.21775,4.46473,1.22298
1768353227,94889.74,4.41426,94889.75,1.54645,4.46284,1.55168
1768353227,94889.74,4.40951,94889.75,1.21967,4.45809,1.2249
1768353227,94889.74,4.40951,94889.75,1.21775,4.45809,1.22298
1768353228,94889.74,4.40525,94889.75,1.21775,4.45383,1.22298
1768353228,94889.74,4.40335,94889.75,1.21775,4.45193,1.22298
1768353228,94889.74,4.40341,94889.75,1.21775,4.45205,1.22298
1768353228,94889.74,4.40311,94889.75,1.00815,4.45175,1.01338
1768353228,94889.74,4.4105,94889.75,1.21757,4.45914,1.22274
1768353228,94889.74,4.40499,94889.75,1.21763,4.45363,1.22286
1768353228,94889.74,4.41102,94889.75,1.21763,4.45966,1.22286
1768353228,94889.74,4.41912,94889.75,1.21763,4.46776,1.22286
1768353228,94889.74,4.41906,94889.75,1.00803,4.4677,1.01326
1768353228,94889.74,4.41863,94889.75,1.20397,4.46727,1.2092
1768353229,94889.74,4.40884,94889.75,1.21763,4.45748,1.22286
1768353229,94889.74,4.41466,94889.75,1.21763,4.4633,1.22286
1768353229,94889.74,4.41466,94889.75,1.21763,4.4633,1.22286
1768353229,94889.74,4.41454,94889.75,0.99437,4.46318,0.9996
1768353229,94889.74,4.4146,94889.75,1.19372,4.46324,1.19895
1768353229,94889.74,4.40884,94889.75,1.00791,4.45748,1.01314
1768353229,94889.74,4.40884,94889.75,1.21751,4.45748,1.22274
1768353229,94889.74,4.40682,94889.75,1.21751,4.45546,1.22274
1768353229,94889.74,4.41936,94889.75,1.21671,4.468,1.22194
1768353229,94889.74,4.41473,94889.75,1.20383,4.46464,1.20906
1768353230,94889.74,4.41473,94889.75,1.21743,4.46464,1.2226
1768353230,94889.74,4.42092,94889.75,1.21749,4.47083,1.22272
1768353230,94889.74,4.55721,94889.75,0.99417,4.60712,0.99934
1768353230,94889.74,4.55893,94889.75,0.99411,4.60884,0.99922
1768353230,94889.74,4.55893,94889.75,1.00783,4.60884,1.013
1768353230,94889.74,4.56332,94889.75,1.00771,4.61323,1.01288
1768353230,94889.74,4.56437,94889.75,1.00771,4.61428,1.01288
1768353230,94889.74,4.56437,94889.75,1.00771,4.61428,1.01288
1768353230,94889.74,4.56437,94889.75,0.97014,4.61428,0.97531
1768353230,94889.74,4.56443,94889.75,1.00795,4.61434,1.01318
1768353231,94889.74,4.56449,94889.75,1.00777,4.6144,1.01294
1768353231,94889.74,4.56449,94889.75,1.00777,4.6144,1.01294
1768353231,94889.74,4.56437,94889.75,0.6702,4.59925,0.67537
1768353231,94889.74,4.56437,94889.75,0.69411,4.62363,0.69928
1768353231,94889.74,4.55818,94889.75,0.69423,4.61762,0.6994
1768353231,94889.74,4.55818,94889.75,0.69429,4.61762,0.69946
1768353231,94889.74,4.55818,94889.75,0.69429,4.5941,0.69946
1768353231,94889.74,5.47915,94889.75,0.69417,5.51513,0.69934
1768353231,94889.74,5.47887,94889.75,0.24573,5.53699,0.26396
1768353231,94889.74,5.47887,94889.75,0.24594,5.52741,0.26434
1768353232,94889.74,5.47707,94889.75,0.24266,5.53537,0.26106
1768353232,94889.74,5.47707,94889.75,0.24635,5.53531,0.26475
1768353232,94889.74,5.48326,94889.75,0.24635,5.5415,0.26475
1768353232,94889.74,5.48326,94889.75,0.24635,5.5415,0.26475
1768353232,94889.74,5.48326,94889.75,0.24635,5.5415,0.26475
1768353232,94889.74,5.4999,94889.75,0.24635,5.54942,0.26475
1768353232,94889.74,5.50008,94889.75,0.28683,5.54954,0.30523
1768353232,94889.74,5.50008,94889.75,0.28683,5.54954,0.30523
1768353232,94889.74,5.50008,94889.75,0.57933,5.54954,0.59773
1768353232,94889.74,5.50008,94889.75,0.57933,5.54954,0.59773
1768353233,94889.74,5.50008,94889.75,0.57933,5.54954,0.59773
1768353233,94889.74,5.50008,94889.75,0.57933,5.54954,0.59773
1768353233,94889.74,5.50008,94889.75,0.57933,5.54954,0.59773
1768353233,94889.74,5.48933,94889.75,0.57933,5.53879,0.59773
1768353233,94889.74,5.48921,94889.75,0.57843,5.53867,0.59683
1768353233,94889.74,4.46482,94889.75,0.57846,4.51446,0.59692
1768353233,94889.74,4.45695,94889.75,0.55443,4.49837,0.559
1768353233,94889.74,4.45695,94889.75,0.80158,4.49843,0.80663
1768353233,94889.74,4.45701,94889.75,0.80176,4.48439,0.80693
1768353233,94889.74,4.4571,94889.75,0.80179,4.49864,0.80696
1768353234,94889.74,4.4571,94889.75,0.80179,4.49858,0.80696
1768353234,94889.74,4.46329,94889.75,0.80099,4.50477,0.8061
1768353234,94889.74,4.4629,94889.75,0.8014,4.50444,0.80657
1768353234,94889.74,4.4629,94889.75,0.57808,4.53114,0.58319
1768353234,94889.74,4.4629,94889.75,0.59162,4.50444,0.59661
1768353234,94889.74,4.4629,94889.75,0.78756,4.50444,0.79255
1768353234,94889.74,4.45683,94889.75,0.80134,4.49837,0.80639
1768353234,94889.74,4.45683,94889.75,0.57808,4.49837,0.58313
1768353234,94889.74,4.45683,94889.75,0.58839,4.52514,0.59344
1768353234,94889.74,4.46204,94889.75,0.58789,4.53047,0.59294
1768353235,94889.74,4.46741,94889.75,0.58795,4.50895,0.59306
1768353235,94889.74,4.46741,94889.75,0.79761,4.50895,0.80272
1768353235,94889.74,4.46741,94889.75,0.79791,4.50895,0.80302
1768353235,94889.74,4.46561,94889.75,0.88591,4.50715,0.89096
1768353235,94889.74,4.46561,94889.75,0.67625,4.50715,0.6813
1768353235,94889.74,4.4718,94889.75,0.67625,4.51334,0.6813
1768353235,94889.74,4.46792,94889.75,0.67631,4.53599,0.68148
1768353235,94889.74,4.46182,94889.75,0.67625,4.52997,0.68142
1768353235,94889.74,4.46182,94889.75,0.67319,4.50348,0.6783
1768353235,94889.74,4.46182,94889.75,0.67319,4.51579,0.67836
1768353236,94889.74,4.46191,94889.75,0.60983,4.50764,0.61494
1768353236,94889.74,4.46191,94889.75,0.88289,4.50752,0.888
1768353236,94889.74,4.46191,94889.75,0.882,4.50752,0.88717
1768353236,94889.74,4.46191,94889.75,0.882,4.50752,0.88717
1768353236,94889.74,4.46191,94889.75,0.87147,4.50752,0.87664
1768353236,94889.74,4.46191,94889.75,0.87227,4.50752,0.87744
1768353236,94889.74,4.46191,94889.75,0.87227,4.50752,0.87744
1768353236,94889.74,4.46011,94889.75,0.87061,4.50572,0.87578
1768353236,94889.74,4.46011,94889.75,0.87061,4.50572,0.87578
1768353236,94889.74,4.45948,94889.75,0.87039,4.50509,0.87556
1768353237,94889.74,4.35738,94889.75,1.05231,4.40299,1.05748
1768353237,94889.74,4.35738,94889.75,1.05231,4.39898,1.05748
1768353237,94889.74,4.35217,94889.75,1.05231,4.39371,1.05748
1768353237,94889.74,4.36172,94889.75,1.05231,4.40326,1.05748
1768353237,94889.74,4.35559,94889.75,1.05231,4.39713,1.05748
1768353237,94889.74,4.35559,94889.75,1.06063,4.39713,1.06562
1768353237,94889.74,4.3596,94889.75,0.85115,4.40114,0.85626
1768353237,94889.74,4.3596,94889.75,0.51264,4.41172,0.51775
1768353237,94889.74,4.3596,94889.75,0.53617,4.43755,0.54128
1768353237,94889.74,4.36016,94889.75,0.53635,4.43841,0.54152
1768353238,94889.74,4.36016,94889.75,0.53635,4.43841,0.54152
1768353238,94889.74,4.31801,94889.75,0.82873,4.36996,0.8339
1768353238,94889.74,4.31801,94889.75,0.82873,4.3699,0.83384
1768353238,94889.74,4.32234,94889.75,1.03833,4.37423,1.06488
1768353238,94889.74,4.31807,94889.75,1.03848,4.36996,1.06526
1768353238,94889.74,4.31667,94889.75,1.03848,4.36862,1.06526
1768353238,94889.74,4.31667,94889.75,1.03768,4.37263,1.06446
1768353238,94889.74,4.31682,94889.75,1.03848,4.34426,1.0652
1768353238,94889.74,4.31682,94889.75,1.03848,4.34426,1.0652
1768353238,94889.74,4.31676,94889.75,1.03848,4.36871,1.0652
1768353239,94889.74,4.3167,94889.75,1.03848,4.36865,1.0652
1768353239,94889.74,4.3167,94889.75,1.03794,4.36865,1.06466
1768353239,94889.74,4.3158,94889.75,0.82834,4.36775,0.85506
1768353239,94889.74,4.31406,94889.75,0.82729,4.36601,0.85401
1768353239,94889.74,4.31406,94889.75,1.03683,4.33749,1.06355
1768353239,94889.74,4.19388,94889.75,1.1656,4.24272,1.18394
1768353239,94889.74,4.19382,94889.75,1.16554,4.22121,1.18382
1768353239,94889.74,4.19461,94889.75,1.16554,4.22212,1.18382
1768353239,94889.74,4.19461,94889.75,1.16382,4.22212,1.1821
1768353239,94889.74,4.19461,94889.75,1.1637,4.24351,1.18198
1768353240,94889.74,4.19455,94889.75,1.16376,4.24333,1.1821
1768353240,94889.74,4.19455,94889.75,1.1637,4.24333,1.18198
1768353240,94889.74,4.19455,94889.75,1.16376,4.22193,1.1821
1768353240,94889.74,4.1947,94889.75,1.16376,4.24354,1.1821
1768353240,94889.74,4.1947,94889.75,1.70043,4.24348,1.71877
1768353240,94889.74,4.19476,94889.75,1.70043,4.2222,1.71877
1768353240,94889.74,4.19479,94889.75,1.5152,4.24363,1.55164
1768353240,94889.74,4.19479,94889.75,1.51966,4.24357,1.55628
1768353240,94889.74,4.19485,94889.75,1.708,4.24369,1.75854
1768353240,94889.74,4.19904,94889.75,1.19908,4.24788,1.22192
1768353241,94889.74,4.19904,94889.75,1.22112,4.24788,1.22569
1768353241,94889.74,4.19904,94889.75,1.22106,4.24788,1.22623
1768353241,94889.74,4.19904,94889.75,1.22094,4.24788,1.22611
1768353241,94889.74,4.05704,94889.75,1.21607,4.24789,1.2213
1768353241,94889.74,4.05085,94889.75,1.21601,4.2417,1.22118
1768353241,94889.74,4.05085,94889.75,1.21607,4.2417,1.2213
1768353241,94889.74,4.05085,94889.75,1.21607,4.2417,1.22124
1768353241,94889.74,4.05704,94889.75,1.21607,4.24789,1.2213
1768353241,94889.74,4.05704,94889.75,1.21669,4.24789,1.2218
1768353241,94889.74,4.05704,94889.75,1.21681,4.24789,1.22192
1768353242,94889.74,4.05704,94889.75,1.21675,4.24789,1.22186
1768353242,94889.74,4.05085,94889.75,1.21675,4.2417,1.22186
1768353242,94889.74,4.04705,94889.75,1.21651,4.2379,1.22162
1768353242,94889.74,4.04705,94889.75,1.21651,4.2379,1.22156
1768353242,94889.74,4.05324,94889.75,1.1926,4.24409,1.19765
1768353242,94889.74,4.05324,94889.75,1.21651,4.24409,1.22156
1768353242,94889.74,4.05324,94889.75,1.22158,4.24409,1.22663
1768353242,94889.74,4.04705,94889.75,1.22174,4.2379,1.22685
1768353242,94889.74,4.04705,94889.75,1.2218,4.2379,1.22697
1768353242,94889.74,4.05218,94889.75,1.22135,4.24297,1.22646
1768353243,94889.74,4.05224,94889.75,1.22215,4.24309,1.2272
1768353243,94889.74,4.04958,94889.75,1.22203,4.24049,1.22708
1768353243,94889.74,4.04916,94889.75,1.07972,4.23995,1.08471
1768353243,94889.74,4.04916,94889.75,1.08822,4.23995,1.09321
1768353243,94889.74,4.04916,94889.75,0.86843,4.23995,0.87348
1768353243,94889.74,4.04916,94889.75,1.10194,4.23995,1.10699
1768353243,94889.74,4.04397,94889.75,1.10194,4.23476,1.10699
1768353243,94889.74,4.04397,94889.75,1.10194,4.23476,1.10699
1768353243,94889.74,4.18616,94889.75,1.07803,4.23494,1.08302
1768353243,94889.74,4.18616,94889.75,0.87024,4.24854,0.87523
1768353244,94889.74,4.18616,94889.75,0.87644,4.23907,0.88125
1768353244,94889.74,4.18652,94889.75,1.0858,4.23554,1.09055
1768353244,94889.74,4.18628,94889.75,1.20607,4.23506,1.21088
1768353244,94889.74,4.18624,94889.75,1.20607,4.21362,1.21094
1768353244,94889.74,4.18602,94889.75,1.20607,4.23486,1.21094
1768353244,94889.74,4.18602,94889.75,1.20607,4.2348,1.21094
1768353244,94889.74,4.19158,94889.75,1.20607,4.24036,1.21094
1768353244,94889.74,4.18978,94889.75,1.20607,4.23856,1.21094
1768353244,94889.74,4.18422,94889.75,1.20607,4.233,1.21094
1768353244,94889.74,4.1841,94889.75,1.08592,4.23288,1.09079
1768353245,94889.74,4.1841,94889.75,0.87552,4.23288,0.88039
1768353245,94889.74,4.1841,94889.75,0.87552,4.23288,0.88039
1768353245,94889.74,4.18424,94889.75,0.89082,4.23212,0.89518
1768353245,94889.74,4.19028,94889.75,0.86878,4.23785,0.87359
1768353245,94889.74,4.18418,94889.75,0.89082,4.23174,0.89557
1768353245,94889.74,4.18427,94889.75,0.59838,4.23595,0.60313
1768353245,94889.74,4.1928,94889.75,0.55173,4.24925,0.55648
1768353245,94889.74,4.19289,94889.75,0.59774,4.24918,0.60202
1768353245,94889.74,4.19344,94889.75,0.89012,4.23061,0.89446
1768353245,94889.74,4.19963,94889.75,1.09972,4.24248,1.10465
1768353246,94889.74,4.16907,94889.75,1.09972,4.21186,1.10465
1768353246,94889.74,4.16907,94889.75,1.10057,4.21186,1.1055
1768353246,94889.74,4.16907,94889.75,1.10063,4.21186,1.10562
1768353246,94889.74,4.16063,94889.75,0.86893,4.20342,0.87392
1768353246,94889.74,4.15883,94889.75,0.88984,4.20168,0.89489
1768353246,94889.74,4.15883,94889.75,0.88978,4.20168,0.89483
1768353246,94889.74,4.15883,94889.75,1.09938,4.20168,1.10443
1768353246,94889.74,4.15871,94889.75,1.22081,4.18214,1.22586
1768353246,94889.74,2.29896,94889.75,2.25541,2.32257,2.2617
1768353246,94889.74,2.02431,94889.75,2.31108,2.04774,2.39288
1768353247,94889.74,2.08127,94889.75,2.35181,2.10464,2.42228
1768353247,94889.74,2.08127,94889.75,2.35181,2.10464,2.42228
1768353247,94889.74,2.08121,94889.75,2.35181,2.10452,2.42228
1768353247,94889.74,2.08127,94889.75,2.35181,2.10464,2.42228
1768353247,94889.74,1.92886,94889.75,2.35157,1.95223,2.42204
1768353247,94889.74,1.92886,94889.75,2.35133,1.95223,2.52257
1768353247,94889.74,1.7473,94889.75,2.35138,1.77073,2.52268
1768353247,94889.74,1.74706,94889.75,2.29861,1.77043,2.52263
1768353247,94889.74,1.74712,94889.75,2.29876,1.77055,2.52034
1768353247,94889.74,1.74284,94889.75,2.29891,1.76627,2.52049
1768353248,94889.74,1.74284,94889.75,2.29891,1.76627,2.52305
1768353248,94889.74,1.74284,94889.75,2.29885,1.76627,2.52043
1768353248,94889.74,1.74284,94889.75,2.29873,1.76627,2.52037
1768353248,94889.74,1.39523,94889.75,2.29891,1.41866,2.52311
1768353248,94889.74,1.92278,94889.75,2.28129,1.94609,2.33839
1768353248,94889.74,1.92272,94889.75,2.28023,1.94597,2.40976
1768353248,94889.74,1.92272,94889.75,2.25819,1.94662,2.42979
1768353248,94889.74,1.92284,94889.75,2.28107,1.9468,2.45267
1768353248,94889.74,1.92278,94889.75,2.28113,1.94674,2.45279
1768353248,94889.74,1.9229,94889.75,2.28113,1.94698,2.45279
1768353249,94889.74,1.92284,94889.75,2.28053,1.94686,2.45219
1768353249,94889.74,1.9229,94889.75,2.28053,1.94704,2.45219
1768353249,94889.74,1.92284,94889.75,2.28053,1.98439,2.45219
1768353249,94889.74,1.9229,94889.75,2.28053,1.94645,2.45219
1768353249,94889.74,1.9229,94889.75,2.28041,1.98616,2.45207
1768353249,94889.74,1.9229,94889.75,2.28107,1.9864,2.45279
1768353249,94889.74,1.9229,94889.75,2.28107,1.9864,2.45279
1768353249,94889.74,1.9229,94889.75,2.27926,1.9864,2.45098
1768353249,94889.74,1.9229,94889.75,2.27866,1.9864,2.45038
1768353249,94889.74,1.9229,94889.75,2.27926,1.9864,2.45098
1768353250,94889.74,1.9229,94889.75,2.27926,1.9864,2.45098
1768353250,94889.74,1.9229,94889.75,2.27926,1.9864,2.45098
1768353250,94889.74,1.92284,94889.75,2.23984,1.98628,2.37175
1768353250,94889.74,1.92284,94889.75,2.24044,1.98622,2.37223
1768353250,94889.74,1.91924,94889.75,2.24032,1.98262,2.37211
1768353250,94889.74,1.91924,94889.75,2.24032,1.94279,2.37211
1768353250,94889.74,1.91918,94889.75,2.24038,1.94249,2.37229
1768353250,94889.74,1.91918,94889.75,2.27846,1.94249,2.41037
1768353250,94889.74,1.91918,94889.75,2.27846,1.94314,2.41037
1768353250,94889.74,1.91918,94889.75,2.27846,1.94314,2.41037
1768353251,94889.74,1.91918,94889.75,2.27846,1.94314,2.41037
1768353251,94889.74,1.91497,94889.75,2.24038,1.9384,2.37229
1768353251,94889.74,1.91503,94889.75,2.27934,1.93858,2.33505
1768353251,94889.74,1.91497,94889.75,2.27994,1.93899,2.6835
1768353251,94889.74,1.91497,94889.75,2.28018,1.93899,2.78231
1768353251,94889.74,1.91497,94889.75,2.28024,1.93899,2.78475
1768353251,94889.74,1.91497,94889.75,2.28024,1.93899,2.78475
1768353251,94889.74,1.91456,94889.75,2.28,1.93864,2.78463
1768353251,94889.74,1.91456,94889.75,2.28,1.93864,2.78463
1768353251,94889.74,1.92018,94889.75,2.44323,1.98328,2.59995
1768353252,94889.74,1.9203,94889.75,2.44324,1.94391,2.49514
1768353252,94889.74,1.9203,94889.75,2.44318,1.94391,2.49508
1768353252,94889.74,1.9185,94889.75,2.11206,1.94211,2.16396
1768353252,94889.74,1.9185,94889.75,2.11212,1.94217,2.26217
1768353252,94889.74,1.9185,94889.75,2.03437,1.94217,2.18448
1768353252,94889.74,2.23468,94889.75,1.24916,2.25841,1.30118
1768353252,94889.74,2.23659,94889.75,1.2485,2.26032,1.28901
1768353252,94889.74,2.23547,94889.75,1.2485,2.25914,1.27322
1768353252,94889.74,2.23547,94889.75,1.2485,2.2592,1.27322
1768353252,94889.74,2.59999,94889.75,0.88996,2.62366,0.89434
1768353253,94889.74,2.60005,94889.75,1.24199,2.62378,1.24625
1768353253,94889.74,2.60005,94889.75,1.24003,2.62378,1.24423
1768353253,94889.74,2.30761,94889.75,1.24191,2.3314,1.24611
1768353253,94889.74,2.30761,94889.75,1.57113,2.3314,1.57533
1768353253,94889.74,2.30755,94889.75,1.57113,2.33128,1.57533
1768353253,94889.74,2.34702,94889.75,1.57173,2.37075,1.57593
1768353253,94889.74,2.34696,94889.75,1.94991,2.37063,1.99309
1768353253,94889.74,2.34696,94889.75,1.94991,2.37063,1.99327
1768353253,94889.74,2.34696,94889.75,2.05533,2.37063,2.09869
1768353253,94889.74,2.58738,94889.75,1.0973,2.64974,1.10162
1768353254,94889.74,2.58738,94889.75,1.11934,2.64998,1.12354
1768353254,94889.74,2.58738,94889.75,1.11904,2.62471,1.12324
1768353254,94889.74,2.58738,94889.75,1.11904,2.62489,1.12324
1768353254,94889.74,2.58558,94889.75,1.11904,2.62309,1.12324
1768353254,94889.74,2.58558,94889.75,1.23937,2.62309,1.24363
1768353254,94889.74,2.24364,94889.75,1.23937,2.28115,1.24363
1768353254,94889.74,2.24364,94889.75,1.56935,2.28115,1.61279
1768353254,94889.74,2.24364,94889.75,1.23949,2.28115,1.24393
1768353254,94889.74,2.24364,94889.75,1.23955,2.28115,1.24399
1768353254,94889.74,2.24364,94889.75,1.21424,2.28115,1.21868
1768353255,94889.74,2.61016,94889.75,0.48293,2.63383,0.48737
1768353255,94889.74,2.63084,94889.75,0.48257,2.69314,0.48677
1768353255,94889.74,3.55334,94889.75,0.48254,3.61561,0.48668
1768353255,94889.74,3.53124,94889.75,0.48284,3.59345,0.48692
1768353255,94889.74,3.53118,94889.75,0.48308,3.59333,0.48728
1768353255,94889.74,3.53118,94889.75,0.77552,3.59339,0.77972
1768353255,94889.74,3.55328,94889.75,0.48288,3.61549,0.48708
1768353255,94889.74,3.55328,94889.75,0.4827,3.61549,0.4869
1768353255,94889.74,3.55322,94889.75,0.48276,3.6195,0.48702
1768353255,94889.74,3.55322,94889.75,0.48276,3.6195,0.48702
1768353256,94889.74,3.5531,94889.75,0.14281,3.69824,0.14707
1768353256,94889.74,3.76601,94889.75,0.11743,3.93078,0.12163
1768353256,94889.74,3.76601,94889.75,0.11756,4.15422,0.12182
1768353256,94889.74,2.84351,94889.75,0.11756,3.27069,0.12176
1768353256,94889.74,3.7722,94889.75,0.11302,4.19938,0.11722
1768353256,94889.74,3.7722,94889.75,0.11302,4.19938,0.11722
1768353256,94889.74,3.7722,94889.75,0.11302,4.19938,0.11722
1768353256,94889.74,3.76601,94889.75,0.11246,4.19319,0.11666
1768353256,94889.74,3.76601,94889.75,0.11246,4.19319,0.11666
1768353256,94889.74,3.76101,94889.75,0.10741,4.19134,0.11167
1768353257,94889.74,3.7672,94889.75,0.10741,4.19753,0.11167
1768353257,94889.74,3.7672,94889.75,0.10729,4.19753,0.11143
1768353257,94889.74,3.7672,94889.75,0.10735,4.15541,0.11155
1768353257,94889.74,3.7672,94889.75,0.10741,4.15541,0.11167
1768353257,94889.74,3.76101,94889.75,0.10741,4.14922,0.11167
1768353257,94889.74,3.76101,94889.75,0.10741,3.90409,0.11167
1768353257,94889.74,3.76101,94889.75,0.10741,3.90409,0.11167
1768353257,94889.74,3.76394,94889.75,0.10735,3.90702,0.11155
1768353257,94889.74,3.77153,94889.75,0.107,3.91461,0.1112
1768353257,94889.74,3.76534,94889.75,0.10683,3.90842,0.11097
1768353258,94889.74,3.77153,94889.75,0.10661,3.91461,0.11075
1768353258,94889.74,3.77111,94889.75,0.10682,3.91419,0.11096
1768353258,94889.74,3.77111,94889.75,0.10671,3.91419,0.11085
1768353258,94889.74,3.77111,94889.75,0.10677,3.91419,0.11097
1768353258,94889.74,3.77109,94889.75,0.10589,3.95629,0.11009
1768353258,94889.74,3.7649,94889.75,0.10577,3.9501,0.10991
1768353258,94889.74,3.7649,94889.75,0.10583,3.9501,0.11003
1768353258,94889.74,3.77109,94889.75,0.10583,3.95629,0.11003
1768353258,94889.74,3.77109,94889.75,0.10573,3.95629,0.10993
1768353258,94889.74,3.77109,94889.75,0.10562,3.95629,0.10982
1768353259,94889.74,3.77109,94889.75,0.10562,3.95629,0.10982
1768353259,94889.74,3.77109,94889.75,0.10562,3.95629,0.10982
1768353259,94889.74,2.85359,94889.75,0.10562,3.04084,0.10982
1768353259,94889.74,3.77579,94889.75,0.10526,3.96316,0.1094
1768353259,94889.74,3.77579,94889.75,0.10526,3.96316,0.1094
1768353259,94889.74,3.77579,94889.75,0.10529,3.96316,0.10943
1768353259,94889.74,3.77579,94889.75,0.10529,3.96316,0.10943
1768353259,94889.74,3.77579,94889.75,0.10529,3.92401,0.10943
1768353259,94889.74,3.7696,94889.75,0.10201,3.91782,0.10615
1768353259,94889.74,3.7696,94889.75,0.09951,3.92189,0.10365
1768353260,94889.74,3.77579,94889.75,0.09951,3.92407,0.10365
1768353260,94889.74,3.7696,94889.75,0.09957,3.91782,0.10371
1768353260,94889.74,3.76343,94889.75,0.09957,3.91165,0.10371
1768353260,94889.74,3.76962,94889.75,0.0942,3.91784,0.09834
1768353260,94889.74,3.76962,94889.75,0.0942,3.91784,0.09834
1768353260,94889.74,3.76343,94889.75,0.0942,3.91165,0.09834
1768353260,94889.74,3.76962,94889.75,0.0942,3.91784,0.09834
1768353260,94889.74,3.76356,94889.75,0.0942,3.91178,0.09834
1768353260,94889.74,3.76356,94889.75,0.0939,3.91178,0.0981
1768353260,94890.24,6.60561,94890.25,0.00236,9.98331,0.02624
1768353261,94892.11,5.34625,94892.12,0.00165,11.03923,0.00552
1768353261,94893.24,4.73786,94893.25,0.00269,7.76372,0.0064
1768353261,94893.25,5.36572,94893.26,0.00374,6.28625,0.00748
1768353261,94893.26,4.778,94893.27,0.0038,6.54248,0.0076
1768353261,94893.26,4.85276,94893.27,0.00167,5.43146,0.00582
1768353261,94893.76,5.551,94893.77,0.00272,8.58449,0.00654
1768353261,94893.76,5.91093,94893.77,0.30201,6.31966,0.30628
1768353261,94893.76,5.99567,94893.77,0.48076,6.23445,0.48491
1768353261,94893.76,6.06679,94893.77,0.47468,6.25102,0.47889
1768353261,94893.76,6.07122,94893.77,0.22832,6.31536,0.23253
1768353262,94893.76,6.99813,94893.77,0.70949,7.23717,0.7137
1768353262,94893.76,6.94542,94893.77,0.70961,7.17787,0.71383
1768353262,94893.76,6.94566,94893.77,0.48883,7.17841,0.49305
1768353262,94893.76,6.94566,94893.77,0.48877,7.02372,0.49293
1768353262,94893.76,6.92575,94893.77,0.48893,7.00381,0.49315
1768353262,94899.99,3.69009,94900,0.32394,9.19364,0.33107
1768353262,94899.99,4.75761,94900,0.5205,7.87138,0.52795
1768353262,94899.99,4.20088,94900,0.40086,5.25673,0.40837
1768353262,94899.99,2.53857,94900,1.33467,2.59613,1.34218
1768353262,94899.99,2.01287,94900,1.54445,2.1989,1.5519
1768353263,94899.99,1.79011,94900,1.96781,1.85094,1.97496
1768353263,94899.99,1.7198,94900,1.98121,1.74125,1.98905
1768353263,94899.99,1.72483,94900,1.97236,1.78544,1.9805
1768353263,94899.99,1.72492,94900,1.97224,1.78571,1.98032
1768353263,94899.99,1.72492,94900,1.9764,1.74643,2.03652
1768353263,94899.99,1.42447,94900,1.9948,1.7947,2.00294
1768353263,94899.99,1.2084,94900,1.99522,1.57851,2.05516
1768353263,94899.99,0.92165,94900,2.01592,0.94484,2.07544
1768353263,94899.99,0.89893,94900,2.01688,0.92152,2.0767
1768353263,94899.99,0.90387,94900,2.01688,0.92722,2.0767
1768353264,94899.99,0.90393,94900,2.01694,0.92734,2.07682
1768353264,94899.99,0.9224,94900,2.01694,0.94493,2.07682
1768353264,94899.99,0.92578,94900,2.01694,0.94831,2.07682
1768353264,94899.99,0.92044,94900,2.0028,0.94303,2.06268
1768353264,94899.99,0.92044,94900,2.01033,0.94303,2.07021
1768353264,94899.99,0.92044,94900,2.01033,0.94303,2.07021
1768353264,94899.99,0.92044,94900,2.01033,0.94303,2.07021
1768353264,94899.99,0.92044,94900,2.01033,0.94303,2.07021
1768353264,94899.99,0.92038,94900,2.01033,0.94291,2.07021
1768353264,94899.99,0.92038,94900,2.31045,0.94291,2.37033
1768353265,94899.99,0.92038,94900,2.29253,0.94291,2.35241
1768353265,94899.99,0.92038,94900,2.29253,0.94291,2.35241
1768353265,94899.99,0.89708,94900,2.29252,0.91961,2.3524
1768353265,94899.99,0.89412,94900,2.3099,0.91677,2.3696
1768353265,94899.99,0.72311,94900,2.30942,0.74588,2.369
1768353265,94894.75,0.00044,94894.76,0.793,0.00764,8.55599
1768353265,94889.74,0.38994,94889.75,4.02083,0.40798,4.20722
1768353265,94889.74,0.46087,94889.75,4.1205,0.47891,4.30784
1768353265,94889.74,0.53573,94889.75,4.46841,0.55377,4.51577
1768353265,94889.74,0.53769,94889.75,4.46955,0.90382,4.51691
1768353266,94889.74,0.53769,94889.75,4.46955,0.90382,4.51691
1768353266,94889.74,0.49613,94889.75,4.46955,0.51424,4.48956
1768353266,94889.74,0.49423,94889.75,4.48125,0.51234,4.50138
1768353266,94889.74,0.7361,94889.75,4.46419,1.10223,4.47124
1768353266,94889.74,0.73845,94889.75,4.56597,1.1047,4.5951
1768353266,94889.74,0.73839,94889.75,4.56436,1.10473,4.59346
1768353266,94889.74,0.73833,94889.75,4.56436,1.10446,4.59341
1768353266,94889.74,0.73839,94889.75,4.56396,1.10458,4.59307
1768353266,94889.74,0.73839,94889.75,4.56396,1.10458,4.59307
1768353266,94889.74,0.73845,94889.75,4.56396,1.1047,4.59307
1768353267,94889.74,0.73845,94889.75,4.56396,1.1047,4.59307
1768353267,94889.74,0.73831,94889.75,4.56396,1.10456,4.59307
1768353267,94889.74,0.73837,94889.75,4.56396,1.10468,4.59307
1768353267,94889.74,0.73837,94889.75,3.61566,1.10468,4.09726
1768353267,94889.74,0.73843,94889.75,3.61566,0.75771,4.09512
1768353267,94889.74,0.73846,94889.75,3.56418,0.75768,3.74746
1768353267,94889.74,1.4136,94889.75,3.13715,1.43294,3.18119
1768353267,94889.74,1.41354,94889.75,3.12062,1.43282,3.17682
1768353267,94889.74,2.54236,94889.75,3.07928,2.5614,3.13542
1768353267,94889.74,2.54718,94889.75,2.95859,2.57958,2.98356
1768353268,94889.74,2.47972,94889.75,2.94514,2.55148,2.96767
1768353268,94889.74,2.84262,94889.75,1.04816,2.91414,1.12752
1768353268,94889.74,2.84214,94889.75,0.7562,2.91366,0.77653
1768353268,94889.74,2.84214,94889.75,0.75614,2.91366,0.77608
1768353268,94889.74,2.84645,94889.75,0.71506,2.91797,0.735
1768353268,94889.74,2.85155,94889.75,0.71614,2.92307,0.73704
1768353268,94889.74,2.84618,94889.75,0.7162,2.9177,0.77636
1768353268,94889.74,2.84618,94889.75,0.71632,2.9177,0.79415
1768353268,94889.74,2.84618,94889.75,0.71632,2.86893,0.79427
1768353268,94889.74,2.84618,94889.75,0.71632,2.86893,0.79427
1768353269,94889.74,2.84618,94889.75,0.71543,2.9177,0.79338
1768353269,94889.74,3.76748,94889.75,0.71543,3.839,0.75421
1768353269,94889.74,2.84618,94889.75,0.71531,2.9177,0.74716
1768353269,94889.74,2.84434,94889.75,0.75585,2.91586,0.83551
1768353269,94889.74,2.84434,94889.75,1.04841,2.91592,1.12837
1768353269,94889.74,2.81368,94889.75,1.05135,2.88526,1.13131
1768353269,94889.74,2.80868,94889.75,1.05129,2.88026,1.13119
1768353269,94889.74,2.80868,94889.75,1.05111,2.88026,1.13095
1768353269,94889.74,2.80868,94889.75,1.05111,2.88026,1.13095
1768353269,94889.74,2.80868,94889.75,1.05078,2.88026,1.13062
1768353270,94889.74,2.51618,94889.75,1.38065,2.58776,1.46049
1768353270,94889.74,2.51618,94889.75,1.39145,2.58776,1.47129
1768353270,94889.74,2.51618,94889.75,1.39139,2.58776,1.47117
1768353270,94889.74,2.51618,94889.75,1.39139,2.5877,1.47117
1768353270,94889.74,2.46938,94889.75,1.57319,2.50177,1.65297
1768353270,94889.74,2.46974,94889.75,2.00935,2.50225,2.08981
1768353270,94889.74,2.46974,94889.75,1.85819,2.50213,2.02538
1768353270,94889.74,2.46974,94889.75,1.93705,2.50213,2.10424
1768353270,94889.74,2.41728,94889.75,1.93711,2.44985,2.10436
1768353270,94889.74,2.41728,94889.75,1.85813,2.44991,2.02532
1768353271,94889.74,2.41728,94889.75,1.73415,2.44991,1.90134
1768353271,94889.74,2.41728,94889.75,1.73421,2.44991,1.90146
1768353271,94889.74,2.41728,94889.75,1.73427,2.44991,1.90158
1768353271,94889.74,2.41722,94889.75,1.73427,2.47477,1.90158
1768353271,94889.74,2.41722,94889.75,1.97213,2.47489,2.13944
1768353271,94889.74,2.41722,94889.75,1.97813,2.43595,2.14544
1768353271,94889.74,2.41716,94889.75,1.97813,2.43448,2.14754
1768353271,94889.74,2.41716,94889.75,1.97745,2.43436,2.14686
1768353271,94889.74,2.41725,94889.75,1.97745,2.57657,2.47615
1768353271,94889.74,2.30349,94889.75,1.97819,2.46299,2.47075
1768353272,94889.74,2.30349,94889.75,1.97781,2.46299,2.47094
1768353272,94889.74,2.07957,94889.75,1.97825,2.23907,2.47255
1768353272,94889.74,0.31453,94889.75,1.99587,0.31866,2.49239
1768353272,94889.74,0.24149,94889.75,1.99987,0.24591,2.49651
1768353272,94889.74,0.24125,94889.75,1.99987,0.24549,2.49651
1768353272,94889.74,0.31567,94889.75,1.98195,0.31991,2.47859
1768353272,94889.74,0.49753,94889.75,1.98291,0.84962,2.12939
1768353272,94889.74,0.49774,94889.75,1.98291,0.85001,2.12939
1768353272,94889.74,0.49774,94889.75,1.98291,0.85001,2.12939
1768353272,94889.74,0.49756,94889.75,2.28279,0.84983,2.42927
1768353273,94889.74,0.49744,94889.75,2.28285,0.84971,2.42939
1768353273,94889.74,0.48661,94889.75,2.28285,0.83888,2.42939
1768353273,94889.74,0.48472,94889.75,2.28285,0.83699,2.42939
1768353273,94889.74,0.4866,94889.75,2.28279,0.83887,2.76363
1768353273,94889.74,0.48666,94889.75,2.29645,0.83893,2.77705
1768353273,94889.74,0.48666,94889.75,2.28895,0.83893,2.76955
1768353273,94889.74,2.838,94889.75,1.13813,3.33344,1.14452
1768353273,94889.74,2.84443,94889.75,1.15309,3.34029,1.17767
1768353273,94889.74,2.83836,94889.75,1.15309,3.33428,1.17767
1768353273,94889.74,2.83848,94889.75,1.15297,3.3344,1.17755
1768353274,94889.74,2.83836,94889.75,1.15291,3.33428,1.17743
1768353274,94889.74,2.83836,94889.75,1.15297,3.33428,1.17767
1768353274,94889.74,2.83836,94889.75,1.14211,3.33428,1.16675
1768353274,94889.74,3.75972,94889.75,1.14111,4.25558,1.16581
1768353274,94889.74,3.75972,94889.75,1.14117,4.25558,1.16599
1768353274,94889.74,3.74632,94889.75,1.14117,4.24218,1.16599
1768353274,94889.74,3.74632,94889.75,1.14117,4.24218,1.16599
1768353274,94889.74,3.74632,94889.75,1.14117,4.24218,1.16599
1768353274,94889.74,3.75162,94889.75,1.14123,4.24748,1.16605
1768353274,94889.74,3.72278,94889.75,1.10929,4.21864,1.13411
1768353275,94889.74,3.72079,94889.75,1.44073,4.21665,1.46561
1768353275,94889.74,2.80081,94889.75,1.46599,3.29667,1.49069
1768353275,94889.74,2.80081,94889.75,1.46605,3.29667,1.49081
1768353275,94889.74,2.80081,94889.75,1.46574,3.29667,1.49056
1768353275,94889.74,2.80081,94889.75,1.4658,3.29667,1.49062
1768353275,94889.74,2.80081,94889.75,1.46574,3.29667,1.4905
1768353275,94889.74,2.80081,94889.75,1.4658,3.29667,1.49062
1768353275,94889.74,2.80081,94889.75,1.4754,3.29667,1.50022
1768353275,94889.74,2.80081,94889.75,1.4499,3.29667,1.47472
1768353275,94889.74,2.80121,94889.75,1.44984,3.29707,1.4746
1768353276,94889.74,3.72351,94889.75,1.44978,4.21937,1.47448
1768353276,94889.74,3.70811,94889.75,1.47357,4.20397,1.49827
1768353276,94889.74,3.70811,94889.75,1.47172,4.20397,1.49648
1768353276,94889.74,3.70811,94889.75,1.47166,4.20397,1.49636
1768353276,94889.74,3.70811,94889.75,1.47166,4.20397,1.49636
1768353276,94889.74,3.70811,94889.75,1.47166,4.20397,1.49636
1768353276,94889.74,2.7927,94889.75,1.47172,3.28856,1.5097
1768353276,94889.74,2.7927,94889.75,1.4719,3.28856,1.51
1768353276,94889.74,2.7927,94889.75,1.4719,3.28856,1.51
1768353276,94889.74,2.79252,94889.75,1.17946,3.28838,1.21756
1768353277,94889.74,3.71313,94889.75,1.17928,4.20899,1.21744
1768353277,94889.74,3.71313,94889.75,1.17832,4.20899,1.20314
1768353277,94889.74,3.71313,94889.75,1.17851,4.20899,1.20327
1768353277,94889.74,3.71313,94889.75,1.17851,4.20899,1.20327
1768353277,94889.74,3.71313,94889.75,1.13951,4.20899,1.16427
1768353277,94889.74,3.7075,94889.75,1.13951,4.20336,1.16427
1768353277,94889.74,3.7075,94889.75,1.13951,4.20336,1.16427
1768353277,94889.74,2.78584,94889.75,1.13957,3.2817,1.16439
1768353277,94889.74,2.77599,94889.75,1.13933,3.27185,1.17527
1768353277,94889.74,2.77599,94889.75,1.13945,3.27185,1.17563
1768353278,94889.74,3.69759,94889.75,1.13939,4.19345,1.17551
1768353278,94889.74,3.69759,94889.75,1.14118,4.19345,1.16417
1768353278,94889.74,3.69759,94889.75,1.14124,4.19345,1.16411
1768353278,94889.74,2.77599,94889.75,1.1413,3.27185,1.18931
1768353278,94889.74,2.77599,94889.75,1.14136,3.27185,1.17745
1768353278,94889.74,2.78218,94889.75,1.1413,3.27804,1.16447
1768353278,94889.74,2.78218,94889.75,1.14074,3.27804,1.16355
1768353278,94889.74,2.78218,94889.75,1.14074,3.27804,1.16355
1768353278,94889.74,2.78242,94889.75,1.43288,3.27828,1.46885
1768353278,94889.74,2.78242,94889.75,1.471,3.27828,1.50727
1768353279,94889.74,2.78987,94889.75,1.471,3.28573,1.53241
1768353279,94889.74,2.78981,94889.75,1.433,3.27201,1.46921
1768353279,94889.74,3.72507,94889.75,1.43288,4.20709,1.46921
1768353279,94889.74,3.72507,94889.75,1.43288,4.20709,1.46921
1768353279,94889.74,3.71494,94889.75,1.14026,4.19702,1.17659
1768353279,94889.74,3.71343,94889.75,1.14026,4.19551,1.17659
1768353279,94889.74,3.71343,94889.75,1.14026,4.19551,1.17659
1768353279,94889.74,3.71337,94889.75,1.1402,4.19539,1.17647
1768353279,94889.74,2.79183,94889.75,1.17715,3.27391,1.20014
1768353279,94889.74,2.79154,94889.75,1.46971,3.27362,1.49252
1768353280,94889.74,2.79154,94889.75,1.46971,3.27362,1.50559
1768353280,94889.74,2.79083,94889.75,1.46983,3.27291,1.50601
1768353280,94889.74,2.79565,94889.75,1.46977,3.27773,2.80471
1768353280,94889.74,2.79565,94889.75,1.46983,3.27773,2.80507
1768353280,94889.74,2.65364,94889.75,1.4704,3.13572,2.80564
1768353280,94889.74,2.6537,94889.75,1.46989,3.27785,2.8116
1768353280,94889.74,2.6537,94889.75,1.46949,3.27809,2.81138
1768353280,94889.74,2.6537,94889.75,1.46955,3.27809,2.8115
1768353280,94889.74,2.3612,94889.75,1.46961,2.98559,2.81156
1768353280,94889.74,2.3612,94889.75,1.46955,2.98559,2.8094
1768353281,94889.74,2.36329,94889.75,1.48455,2.98768,2.82434
1768353281,94889.74,2.36329,94889.75,1.48399,2.98768,2.82378
1768353281,94889.74,2.36329,94889.75,1.48387,2.98768,2.82366
1768353281,94889.74,2.36329,94889.75,1.48393,2.98768,2.82378
1768353281,94889.74,2.35847,94889.75,1.48393,2.98286,2.82378
1768353281,94889.74,2.35847,94889.75,1.48393,2.98286,2.82378
1768353281,94889.74,2.35841,94889.75,1.48393,2.98274,2.82378
1768353281,94889.74,2.35841,94889.75,1.48273,2.98274,2.82258
1768353281,94889.74,2.359,94889.75,1.48267,2.98339,2.82252
1768353281,94889.74,2.65038,94889.75,1.48243,3.27477,2.82228
1768353282,94889.74,3.57228,94889.75,1.48243,4.19667,2.82228
1768353282,94889.74,2.64247,94889.75,1.45783,3.2668,2.77278
1768353282,94889.74,2.64621,94889.75,1.45765,3.27054,2.79091
1768353282,94889.74,2.64412,94889.75,1.45759,3.26845,2.79079
1768353282,94889.74,2.64412,94889.75,1.45973,3.26845,2.79293
1768353282,94889.74,2.64412,94889.75,1.45973,3.26833,2.79299
1768353282,94889.74,2.65163,94889.75,1.45973,3.2759,2.79299
1768353282,94889.74,2.65164,94889.75,1.45973,3.27591,2.79299
1768353282,94889.74,3.2811,94889.75,1.66812,3.90537,3.00126
1768353282,94889.74,3.28098,94889.75,1.66824,3.77473,3.02159
1768353283,94889.74,3.28104,94889.75,1.72704,3.77473,3.08057
1768353283,94889.74,3.28098,94889.75,1.51738,3.77461,2.83209
1768353283,94889.74,3.28122,94889.75,1.51726,3.77485,2.85034
1768353283,94889.74,3.28122,94889.75,1.51726,3.77485,2.8504
1768353283,94889.74,3.28122,94889.75,1.51719,3.77485,2.85027
1768353283,94889.74,3.28122,94889.75,1.51719,3.77485,2.85027
1768353283,94889.74,3.28122,94889.75,1.51719,3.77485,2.85027
1768353283,94889.74,3.27322,94889.75,1.51719,3.76685,2.85027
1768353283,94889.74,3.27322,94889.75,1.45833,3.76685,2.79135
1768353283,94889.74,3.27328,94889.75,1.4581,3.76697,2.79124
1768353284,94889.74,3.27328,94889.75,1.45804,3.76697,2.79124
1768353284,94889.74,3.27187,94889.75,1.45804,3.76556,2.79124
1768353284,94889.74,3.27187,94889.75,1.45798,3.76556,2.79112
1768353284,94889.74,3.27187,94889.75,1.45798,3.76556,2.79112
1768353284,94889.74,2.64214,94889.75,1.46857,3.13583,2.80171
1768353284,94889.74,2.73319,94889.75,1.46845,3.22688,2.80153
1768353284,94889.74,2.73319,94889.75,1.46845,3.22688,2.80153
1768353284,94889.74,2.73319,94889.75,1.46851,3.22688,2.80159
1768353284,94889.74,2.44039,94889.75,1.46851,2.93408,2.80159
1768353284,94889.74,2.44047,94889.75,1.46908,2.93416,2.80216
1768353285,94889.74,2.44568,94889.75,1.46851,2.93937,2.80159
1768353285,94889.74,2.44568,94889.75,1.46851,2.93937,2.80159
1768353285,94889.74,2.73818,94889.75,1.46845,3.23187,2.80153
1768353285,94889.74,2.73818,94889.75,1.46517,3.23187,2.79831
1768353285,94889.74,2.73194,94889.75,1.4598,3.22563,2.79294
1768353285,94889.74,2.72633,94889.75,1.48093,3.22002,2.81407
1768353285,94889.74,2.74757,94889.75,1.48093,3.24126,2.81407
1768353285,94889.74,2.75976,94889.75,1.48092,3.25345,2.81406
1768353285,94889.74,2.75976,94889.75,1.48092,3.25345,2.81406
1768353285,94889.74,2.75976,94889.75,1.48092,3.25345,2.81406
1768353286,94889.74,2.75976,94889.75,1.48086,3.25345,2.814
1768353286,94889.74,2.75976,94889.75,1.48086,3.25345,2.814
1768353286,94889.74,2.75518,94889.75,1.48201,3.24887,2.81515
1768353286,94889.74,2.75518,94889.75,1.4682,3.24887,2.84105
1768353286,94889.74,2.75518,94889.75,1.46838,3.24887,2.84123
1768353286,94889.74,2.74151,94889.75,1.46838,3.2352,2.84123
1768353286,94889.74,2.74145,94889.75,1.46838,3.23508,2.84123
1768353286,94889.74,2.75458,94889.75,1.335,3.24821,2.70785
1768353286,94889.74,2.75458,94889.75,1.335,3.24821,2.70785
1768353286,94889.74,2.75458,94889.75,1.39287,3.24821,2.76572
1768353287,94889.74,2.75458,94889.75,1.39287,3.24821,2.76572
1768353287,94889.74,2.75458,94889.75,1.38952,3.24821,2.76237
1768353287,94889.74,2.75458,94889.75,1.38952,3.24821,2.76237
1768353287,94889.74,2.46165,94889.75,1.3894,2.95528,2.76237
1768353287,94889.74,2.46745,94889.75,1.3894,2.96108,2.76237
1768353287,94889.74,2.45945,94889.75,1.39598,2.95308,2.76895
1768353287,94889.74,2.4383,94889.75,1.39592,2.93193,2.76883
1768353287,94889.74,2.4449,94889.75,1.33766,2.93853,2.65243
1768353287,94889.74,2.4665,94889.75,1.44357,2.96013,2.77689
1768353287,94889.74,2.4665,94889.75,1.50147,2.96013,2.83479
1768353288,94889.74,2.4665,94889.75,1.50141,2.96013,2.85424
1768353288,94889.74,2.4665,94889.75,1.50141,2.96013,2.85442
1768353288,94889.74,2.4665,94889.75,1.50135,2.96013,2.85504
1768353288,94889.74,2.4665,94889.75,1.50141,2.96013,2.85528
1768353288,94889.74,2.3662,94889.75,2.07884,2.85983,3.43271
1768353288,94889.74,1.96306,94889.75,2.24712,2.45699,3.60081
1768353288,94889.74,1.96326,94889.75,2.24694,2.45725,3.60313
1768353288,94889.74,1.96326,94889.75,2.24694,2.45731,3.60313
1768353288,94889.74,1.96326,94889.75,2.24694,2.45731,3.60313
1768353288,94889.74,1.95985,94889.75,2.30508,2.4539,3.66127
1768353289,94889.74,1.95985,94889.75,2.21813,2.4539,3.57432
1768353289,94889.74,1.95985,94889.75,2.21813,2.4539,3.57432
1768353289,94889.74,1.94994,94889.75,2.21876,2.44399,3.57495
1768353289,94889.74,2.07035,94889.75,2.06248,2.56422,3.41623
1768353289,94889.74,2.06906,94889.75,2.03792,2.56299,3.39155
1768353289,94889.74,2.06898,94889.75,2.03744,2.56291,3.39107
1768353289,94889.74,2.06388,94889.75,2.03786,2.55781,3.39143
1768353289,94889.74,2.10194,94889.75,1.81678,2.59587,3.13125
1768353289,94889.74,2.21536,94889.75,1.60658,2.70923,2.93954
1768353289,94889.74,2.50786,94889.75,1.63315,3.00173,2.96105
1768353290,94889.74,2.50786,94889.75,1.52744,3.00173,2.85552
1768353290,94889.74,2.50786,94889.75,1.52738,3.00173,2.84179
1768353290,94889.74,2.50786,94889.75,1.52738,3.00173,2.86022
1768353290,94889.74,2.50786,94889.75,1.47014,3.00173,2.7981
1768353290,94889.74,2.50786,94889.75,1.47014,3.00173,2.79822
1768353290,94889.74,2.50786,94889.75,1.67962,3.00173,3.0077
1768353290,94889.74,2.50786,94889.75,1.47002,3.00173,2.7981
1768353290,94889.74,2.50786,94889.75,1.47002,3.00173,2.79822
1768353290,94889.74,2.50786,94889.75,1.47002,3.00173,2.85462
1768353290,94889.74,2.51531,94889.75,1.52666,3.00918,2.91144
1768353291,94889.74,2.51331,94889.75,1.52642,3.00718,2.9112
1768353291,94889.74,2.51325,94889.75,1.52642,3.00706,2.9112
1768353291,94889.74,2.52276,94889.75,1.52648,3.01651,2.91132
1768353291,94889.74,2.52276,94889.75,1.52648,3.01651,2.91132
1768353291,94889.74,2.52276,94889.75,1.52594,3.01651,2.91072
1768353291,94889.74,2.52276,94889.75,1.52594,3.01651,2.91072
1768353291,94889.74,2.52276,94889.75,1.52594,3.01651,2.91072
1768353291,94889.74,2.52425,94889.75,1.46948,3.018,2.7978
1768353291,94889.74,2.52425,94889.75,1.14895,3.018,2.46348
1768353291,94889.74,2.52425,94889.75,1.14872,3.018,2.51929
1768353292,94889.74,2.52425,94889.75,1.14884,3.018,2.51953
1768353292,94889.74,2.52425,94889.75,1.14897,3.018,2.51966
1768353292,94889.74,2.47122,94889.75,1.14867,3.22186,2.51221
1768353292,94889.74,2.47122,94889.75,1.22154,2.96509,2.58526
1768353292,94889.74,2.47122,94889.75,1.2216,2.96497,2.58538
1768353292,94889.74,2.47122,94889.75,1.22136,2.96497,2.58502
1768353292,94889.74,2.47122,94889.75,1.22136,2.96497,2.58502
1768353292,94889.74,2.47122,94889.75,1.51386,2.96497,2.87752
1768353292,94889.74,2.47122,94889.75,1.51386,2.96497,2.87752
1768353292,94889.74,2.46922,94889.75,1.44117,2.96297,2.80483
1768353293,94889.74,2.46922,94889.75,1.44117,2.96297,2.80483
1768353293,94889.74,2.46922,94889.75,1.44111,2.96297,2.76716
1768353293,94889.74,2.46922,94889.75,1.44111,2.96297,2.76704
1768353293,94889.74,2.46922,94889.75,1.44099,2.96297,2.76692
1768353293,94889.74,2.46922,94889.75,1.44099,2.96297,2.80459
1768353293,94889.74,2.46922,94889.75,1.44123,2.96297,2.80501
1768353293,94889.74,2.46922,94889.75,1.44123,2.96297,2.80501
1768353293,94889.74,2.46876,94889.75,1.43532,2.96251,2.7991
1768353293,94889.74,2.46876,94889.75,1.43532,2.96251,2.74294
1768353293,94889.74,2.46876,94889.75,1.43526,2.96251,2.76125
1768353294,94889.74,2.46876,94889.75,1.43526,2.96251,2.76125
1768353294,94889.74,2.46926,94889.75,0.88963,2.96397,2.2158
1768353294,94889.74,2.46926,94889.75,0.89044,2.96397,2.21667
1768353294,94889.74,2.46726,94889.75,1.18282,2.96197,2.50905
1768353294,94889.74,2.46706,94889.75,1.18282,2.96177,2.50905
1768353294,94889.74,2.46036,94889.75,1.18282,2.95507,2.50905
1768353294,94889.74,2.46036,94889.75,1.18282,2.95507,2.50905
1768353294,94889.74,2.46036,94889.75,1.18276,2.95507,2.50893
1768353294,94889.74,3.38298,94889.75,1.18282,3.87769,2.50905
1768353294,94889.74,3.38298,94889.75,1.18282,3.87769,2.50905
1768353295,94889.74,3.38298,94889.75,1.18282,3.87769,2.50905
1768353295,94889.74,3.38298,94889.75,1.18282,3.87769,2.50905
1768353295,94889.74,3.38298,94889.75,1.18282,3.87769,2.50905
1768353295,94889.74,3.38186,94889.75,1.18282,3.88907,2.49062
1768353295,94889.74,3.38195,94889.75,1.18207,3.88901,2.48975
1768353295,94889.74,2.45939,94889.75,1.18207,2.95377,2.49936
1768353295,94889.74,2.45945,94889.75,1.1821,2.97145,2.49963
1768353295,94889.74,2.45945,94889.75,1.18204,2.97145,2.49963
1768353295,94889.74,2.45945,94889.75,1.23784,2.97145,2.55543
1768353295,94889.74,2.45945,94889.75,1.23784,2.97145,2.55543
1768353296,94889.74,2.45745,94889.75,1.23778,2.96945,2.55531
1768353296,94889.74,2.44378,94889.75,1.18204,2.95578,2.49957
1768353296,94889.74,2.45745,94889.75,1.18198,2.96945,2.49951
1768353296,94889.74,2.45745,94889.75,1.18186,2.96945,2.49939
1768353296,94889.74,2.45745,94889.75,1.18186,2.96945,2.49939
1768353296,94889.74,2.45745,94889.75,1.18249,2.96945,2.49996
1768353296,94889.74,2.4437,94889.75,1.18255,2.9557,2.50008
1768353296,94889.74,2.45736,94889.75,1.18255,2.96936,2.50008
1768353296,94889.74,3.37986,94889.75,1.18249,3.89186,2.50002
1768353296,94889.74,2.45736,94889.75,1.18255,2.96936,2.50014
1768353297,94889.74,2.45736,94889.75,1.18183,2.96936,2.49936
1768353297,94889.74,2.45736,94889.75,1.18189,2.96936,2.49948
1768353297,94889.74,2.45736,94889.75,1.18183,2.96936,2.49936
1768353297,94889.74,2.45736,94889.75,1.18183,2.96936,2.49936
1768353297,94889.74,3.37786,94889.75,0.88927,3.8723,2.19713
1768353297,94889.74,3.3863,94889.75,0.88915,3.8931,2.1969
1768353297,94889.74,3.3863,94889.75,0.88478,3.89328,2.19253
1768353297,94889.74,3.38618,94889.75,0.88466,3.8931,2.19229
1768353297,94889.74,3.36407,94889.75,0.88484,3.87099,2.19259
1768353297,94889.74,3.33219,94889.75,1.17619,3.83909,2.48393
1768353298,94889.74,3.33225,94889.75,1.17625,3.83922,2.48406
1768353298,94889.74,3.33225,94889.75,1.17625,3.83922,2.49417
1768353298,94889.74,3.33225,94889.75,1.17649,3.83922,2.49453
1768353298,94889.74,3.33225,94889.75,1.17649,3.83922,2.49453
1768353298,94889.74,3.33225,94889.75,1.17655,3.83922,2.49465
1768353298,94889.74,3.33225,94889.75,1.17655,3.83922,2.49465
1768353298,94889.74,3.33219,94889.75,1.17708,3.83911,2.49511
1768353298,94889.74,3.33207,94889.75,0.88488,3.83893,2.20297
1768353298,94897.73,4.98322,94897.74,0.00209,18.0828,0.00449
1768353298,94903.11,5.40373,94903.12,0.00248,13.37537,0.00496
1768353299,94907.99,4.22851,94908,0.84272,6.40785,0.89273
1768353299,94907.99,4.63888,94908,0.84283,6.40891,0.89317
1768353299,94909.99,4.81374,94910,2.21451,7.96062,2.25486
1768353299,94909.99,5.65048,94910,2.21124,6.0035,2.252
1768353299,94909.99,5.72256,94910,2.39316,6.07516,2.43392
1768353299,94909.99,5.7225,94910,2.39316,6.09542,2.43392
1768353299,94909.99,5.02606,94910,2.39316,5.39896,2.43392
1768353299,94909.99,5.02606,94910,2.39316,5.39896,2.43392
1768353299,94909.99,5.12336,94910,2.39316,5.49626,2.43392
1768353299,94909.99,5.13683,94910,2.39316,5.50973,2.43392
1768353300,94909.99,5.13135,94910,2.39316,5.62261,2.43392
1768353300,94909.99,5.13144,94910,2.3931,5.62029,2.4338
1768353300,94909.99,5.12863,94910,2.39316,5.61766,2.43392
1768353300,94909.99,5.13373,94910,2.68578,5.27486,2.72654
1768353300,94909.99,5.13365,94910,2.68572,5.27478,2.76642
1768353300,94909.99,4.84,94910,2.84922,4.98113,2.9139
1768353300,94909.99,4.76513,94910,2.84916,4.90626,2.91384
1768353300,94909.99,4.84876,94910,2.84803,4.98989,2.91265
1768353300,94909.99,0.80535,94910,3.05263,0.82818,3.29805
1768353300,94909.99,0.64037,94910,3.12367,1.00836,3.34981
1768353301,94909.99,0.64016,94910,3.14189,1.00815,3.40788
1768353301,94909.99,0.69412,94910,3.13618,1.0444,3.37463
1768353301,94909.99,0.69433,94910,3.11835,1.07231,3.35692
1768353301,94909.99,2.23762,94910,3.0381,2.27613,3.0782
1768353301,94909.99,2.53059,94910,3.03831,2.63983,3.07871
1768353301,94909.99,2.84121,94910,2.44902,3.00534,2.48948
1768353301,94909.99,2.8408,94910,2.44887,2.92418,2.53299
1768353301,94909.99,2.84107,94910,2.44893,2.92457,2.53335
1768353301,94909.99,2.84071,94910,2.86149,2.92421,2.94591
1768353301,94909.99,2.84071,94910,2.8625,2.92421,2.94692
1768353302,94909.99,2.84056,94910,2.85807,2.91039,2.94255
1768353302,94909.99,2.84056,94910,2.85843,2.91039,2.94279
1768353302,94909.99,2.84042,94910,2.73822,2.91031,2.82264
1768353302,94909.99,2.84042,94910,2.73822,2.91031,2.82264
1768353302,94909.99,2.84018,94910,2.44566,2.92368,2.51792
1768353302,94909.99,2.84018,94910,2.44572,2.92368,2.51798
1768353302,94909.99,2.84018,94910,2.44572,2.92368,2.51798
1768353302,94909.99,3.76268,94910,2.73929,3.79347,2.81161
1768353302,94909.99,3.7628,94910,2.73816,3.92693,2.81036
1768353302,94909.99,3.75166,94910,2.73822,3.91779,2.82945
1768353303,94909.99,3.75166,94910,2.73816,3.91779,2.82933
1768353303,94909.99,3.77508,94910,2.44566,3.94121,2.53683
1768353303,94909.99,2.85758,94910,2.44673,3.02371,2.53796
1768353303,94909.99,2.85746,94910,2.43316,3.02359,2.52439
1768353303,94909.99,2.85746,94910,2.43316,3.02359,2.52439
1768353303,94909.99,2.85746,94910,2.43316,3.02359,2.52439
1768353303,94909.99,2.84902,94910,2.72566,3.00148,2.81689
1768353303,94909.99,2.86269,94910,2.46995,3.01485,2.56118
1768353303,94909.99,2.56588,94910,2.88356,2.58464,2.97485
1768353303,94909.99,2.56588,94910,2.88344,2.58452,2.97461
1768353304,94909.99,2.56694,94910,2.88344,2.58558,2.97461
1768353304,94909.99,2.56694,94910,2.88344,2.58558,2.94214
1768353304,94909.99,2.85944,94910,2.2675,2.87808,2.28834
1768353304,94909.99,2.85944,94910,2.14616,2.87808,2.21842
1768353304,94909.99,2.85926,94910,2.14622,2.88197,2.23787
1768353304,94909.99,2.85498,94910,2.14595,2.87356,2.23754
1768353304,94909.99,2.85492,94910,2.14601,2.87362,2.23766
1768353304,94909.99,2.85492,94910,2.10815,2.87362,2.19974
1768353304,94909.99,2.86111,94910,2.10809,2.88231,2.19956
1768353304,94909.99,3.78439,94910,1.74611,3.80577,1.82912
1768353305,94909.99,3.77808,94910,1.5612,3.92685,1.58492
1768353305,94909.99,3.77829,94910,1.85397,3.94334,1.87763
1768353305,94909.99,4.08806,94910,1.07488,4.11202,1.09872
1768353305,94916.93,4.58823,94916.94,0.18421,8.59714,0.18986
1768353305,94917.99,5.75025,94918,0.00376,10.84107,0.01567
1768353305,94918.07,5.69202,94918.08,0.00276,8.31683,0.01408
1768353305,94918.08,5.5331,94918.09,0.00259,7.90976,0.01405
1768353305,94918.2,5.81037,94918.21,0.00258,9.74334,0.05542
1768353305,94918.2,5.93626,94918.21,0.00267,7.01635,0.0556
1768353305,94918.2,5.95276,94918.21,0.00273,6.63309,0.05577
1768353306,94918.2,5.95215,94918.21,0.00267,6.54265,0.05565
1768353306,94918.2,5.9584,94918.21,0.00273,6.63451,0.05571
1768353306,94921.08,5.51903,94921.09,1.42189,6.28135,1.43206
1768353306,94921.08,5.50027,94921.09,1.44607,6.33288,1.4567
1768353306,94921.08,6.45056,94921.09,1.4454,7.28311,1.45603
1768353306,94921.08,5.73915,94921.09,1.44546,6.46695,1.51937
1768353306,94921.08,5.73606,94921.09,1.42155,6.56859,1.49546
1768353306,94921.08,5.73606,94921.09,1.44546,6.56859,1.51937
1768353306,94921.08,5.73606,94921.09,1.44546,6.56859,1.51937
1768353306,94921.08,5.73606,94921.09,1.74564,6.56859,1.81961
1768353307,94921.08,5.72022,94921.09,1.74564,6.56527,1.81961
1768353307,94921.08,5.72022,94921.09,1.74523,6.56539,1.8192
1768353307,94921.08,5.71315,94921.09,1.74523,6.55832,1.8192
1768353307,94921.08,5.71315,94921.09,1.74523,6.55827,1.8192
1768353307,94921.08,5.72778,94921.09,1.72132,6.43571,1.79523
1768353307,94921.08,5.92378,94921.09,1.74523,6.46043,1.8192
1768353307,94921.08,5.92393,94921.09,1.74523,6.46058,1.8192
1768353307,94921.08,5.00173,94921.09,1.74523,5.5385,1.8192
1768353307,94921.08,5.00173,94921.09,1.74523,5.54095,1.8192
1768353307,94921.08,5.0287,94921.09,1.74517,5.56837,1.81908
1768353308,94921.08,5.0287,94921.09,1.72126,5.55067,1.79517
1768353308,94921.08,5.02849,94921.09,1.74516,5.55034,1.81907
1768353308,94921.08,5.03349,94921.09,1.74528,5.57038,1.81925
1768353308,94921.08,5.027,94921.09,1.74462,5.54897,1.81859
1768353308,94921.08,5.01622,94921.09,1.74444,5.55558,1.81823
1768353308,94921.08,5.14247,94921.09,1.74456,5.67679,1.7552
1768353308,94921.08,5.14168,94921.09,1.7445,5.67612,1.75514
1768353308,94921.08,6.06418,94921.09,1.7445,6.59862,1.75514
1768353308,94921.08,6.07037,94921.09,1.74444,6.60481,1.75502
1768353308,94921.08,6.06418,94921.09,1.7445,6.59862,1.75508
1768353309,94921.08,6.06418,94921.09,1.7445,6.59862,1.75508
1768353309,94921.08,6.06425,94921.09,1.7445,6.59868,1.81829
1768353309,94921.08,6.06095,94921.09,1.68888,6.70269,1.76279
1768353309,94921.08,6.06095,94921.09,1.68933,6.70269,1.72375
1768353309,94921.08,6.06095,94921.09,1.68966,6.70269,1.71788
1768353309,94921.08,6.06095,94921.09,1.68966,6.70269,1.71788
1768353309,94921.08,6.05343,94921.09,1.68966,6.69517,1.71788
1768353309,94921.08,6.06706,94921.09,1.68966,6.7088,1.71788
1768353309,94921.08,6.05621,94921.09,1.68945,6.59064,1.71767
1768353309,94923.99,6.45419,94924,0.004,10.89073,0.00612
1768353310,94923.99,4.72584,94924,0.01084,7.74365,0.03688
1768353310,94923.99,4.80448,94924,0.00485,7.53079,0.00744
1768353310,94923.99,4.80951,94924,0.00476,7.53606,0.03095
1768353310,94935.41,5.36178,94935.42,0.27767,5.56031,0.29416
1768353310,94935.41,5.28068,94935.42,0.51491,6.00334,0.55594
1768353310,94935.41,2.54366,94935.42,1.84328,2.9352,1.88425
1768353310,94935.41,2.39837,94935.42,1.94203,2.8797,1.98306
1768353310,94935.41,2.40392,94935.42,1.96951,2.79331,2.01054
1768353310,94935.41,2.43571,94935.42,1.71514,2.86468,1.75617
1768353310,94935.41,2.18021,94935.42,1.92675,2.53045,1.96766
1768353311,94935.41,2.31694,94935.42,1.85475,2.82157,1.89193
1768353311,94935.41,2.21908,94935.42,1.85529,2.72942,1.89638
1768353311,94935.41,2.3059,94935.42,1.64563,2.81624,1.68678
1768353311,94935.41,2.16893,94935.42,1.85488,2.35171,1.89597
1768353311,94935.41,2.19125,94935.42,1.85698,2.37415,1.89813
1768353311,94935.41,2.19094,94935.42,1.75043,2.37384,1.7914
1768353311,94935.41,2.1901,94935.42,1.74941,2.373,1.7905
1768353311,94935.41,2.1901,94935.42,1.74941,2.373,1.79056
1768353311,94935.41,2.18958,94935.42,1.74449,2.37248,1.78546
1768353311,94935.41,2.18958,94935.42,2.04617,2.37275,2.0872
1768353312,94935.41,2.2034,94935.42,1.72903,2.69571,1.77006
1768353312,94935.41,2.20157,94935.42,1.72903,2.71203,1.77006
1768353312,94935.41,2.20157,94935.42,1.72897,2.71203,1.77
1768353312,94935.41,2.19957,94935.42,1.70167,2.71003,1.7427
1768353312,94935.41,3.54252,94935.42,1.10859,4.24195,1.14962
1768353312,94935.41,3.54267,94935.42,1.10853,4.22401,1.14938
1768353312,94935.41,3.54236,94935.42,1.53315,4.2237,1.57406
1768353312,94935.41,3.54745,94935.42,1.53315,4.22879,1.57406
1768353312,94935.41,3.54745,94935.42,1.24065,4.22879,1.28156
1768353312,94935.41,3.54745,94935.42,0.91107,4.22879,0.95198
1768353313,94935.41,3.54236,94935.42,0.43418,4.2237,0.47509
1768353313,94935.41,3.54236,94935.42,0.43418,4.2237,0.47509
1768353313,94935.41,3.54236,94935.42,0.43412,4.2237,0.47497
1768353313,94935.41,3.57155,94935.42,0.43412,4.25289,0.47497
1768353313,94935.41,3.56311,94935.42,0.43235,4.24445,0.4732
1768353313,94935.41,3.56311,94935.42,0.43241,4.24445,0.4493
1768353313,94935.41,3.69074,94935.42,0.45652,4.37196,0.47317
1768353313,94935.41,3.69074,94935.42,0.45658,4.37196,0.47323
1768353313,94935.41,3.62013,94935.42,0.45648,4.30147,0.47313
1768353313,94935.41,3.62013,94935.42,0.45642,4.30147,0.47307
1768353314,94935.41,3.62013,94935.42,0.45642,4.30147,0.47307
1768353314,94935.41,3.62003,94935.42,0.16265,4.30137,0.1793
1768353314,94935.41,3.62003,94935.42,0.16271,4.30137,0.17936
1768353314,94935.41,3.61803,94935.42,0.16256,4.29937,0.17921
1768353314,94935.41,3.63595,94935.42,0.15776,4.31729,0.17429
1768353314,94935.41,3.61803,94935.42,0.15776,4.29937,0.17429
1768353314,94935.41,2.69553,94935.42,0.15776,3.37687,0.17429
1768353314,94935.41,2.71197,94935.42,0.13386,3.26927,0.15039
1768353314,94935.41,3.83273,94935.42,0.12892,4.6115,0.14545
1768353314,94935.41,3.81288,94935.42,0.12886,4.59165,0.14545
1768353315,94935.41,3.81907,94935.42,0.12886,4.41429,0.14545
1768353315,94935.41,3.9602,94935.42,0.12713,4.55542,0.14372
1768353315,94935.41,3.96639,94935.42,0.12719,4.56161,0.14384
1768353315,94935.41,3.9436,94935.42,0.12719,4.53882,0.14384
1768353315,94935.41,3.93741,94935.42,0.12719,4.53263,0.14384
1768353315,94935.41,3.9553,94935.42,0.12719,4.55052,0.14384
1768353315,94935.41,3.9553,94935.42,0.12713,4.55058,0.14378
1768353315,94935.41,3.9553,94935.42,0.12713,4.55058,0.14378
1768353315,94935.41,3.96149,94935.42,0.12719,4.55677,0.1439
1768353315,94935.41,3.96149,94935.42,0.12719,4.55677,0.1439
1768353316,94935.41,3.96149,94935.42,0.12576,4.55677,0.14247
1768353316,94935.41,3.96149,94935.42,0.12576,4.55677,0.14247
1768353316,94935.41,3.9553,94935.42,0.11901,4.55058,0.13572
1768353316,94935.41,3.9553,94935.42,0.11901,4.55058,0.13572
1768353316,94935.41,3.96149,94935.42,0.11901,4.55677,0.13572
1768353316,94938.91,7.38023,94938.92,0.00257,8.26914,0.08557
1768353316,94938.91,7.38097,94938.92,0.0029,8.00713,0.0862
1768353316,94938.91,5.5019,94938.92,0.01182,6.02514,0.09512
1768353316,94938.91,5.01754,94938.92,0.01192,5.61358,0.09542
1768353316,94938.91,3.58363,94938.92,1.48435,4.07994,1.64366
1768353317,94938.91,2.66143,94938.92,1.48462,3.18344,1.63075
1768353317,94938.91,2.66188,94938.92,1.48462,3.19008,1.74524
1768353317,94938.91,2.662,94938.92,1.48462,3.19026,1.74524
1768353317,94938.91,2.66169,94938.92,1.51192,3.17628,1.77254
1768353317,94938.91,2.66133,94938.92,1.65263,3.17568,1.8994
1768353317,94938.91,1.85004,94938.92,1.77499,2.22111,2.02153
1768353317,94938.91,1.52833,94938.92,2.34616,1.89684,2.5924
1768353317,94938.91,1.03959,94938.92,2.38414,1.06049,2.65434
1768353317,94938.91,0.46815,94938.92,2.42268,0.48899,2.69222
1768353317,94938.91,0.44204,94938.92,2.38357,0.44467,2.66534
1768353318,94938.91,0.14006,94938.92,2.41974,0.29922,2.76766
1768353318,94935.41,0.25354,94935.42,5.70618,0.25688,9.39209
1768353318,94935.41,0.25493,94935.42,6.39451,0.25957,7.22479
1768353318,94935.41,0.26518,94935.42,6.3946,0.26985,6.54492
1768353318,94935.41,0.56707,94935.42,6.3891,0.57156,6.58649
1768353318,94935.41,0.58554,94935.42,6.3891,0.58997,6.53944
1768353318,94935.41,3.41799,94935.42,3.2724,3.80762,3.27912
1768353318,94935.41,3.17797,94935.42,1.8798,3.76787,1.90851
1768353318,94935.41,3.17178,94935.42,1.87846,3.72324,1.90497
1768353318,94935.41,3.17178,94935.42,2.1784,3.72324,2.20091
1768353319,94935.41,3.17789,94935.42,1.91275,3.72935,1.93461
1768353319,94935.41,3.17789,94935.42,1.91275,3.72935,1.93471
1768353319,94935.41,3.23058,94935.42,1.58323,3.78204,1.60519
1768353319,94935.41,3.28836,94935.42,1.57983,3.83982,1.60173
1768353319,94935.41,3.28836,94935.42,1.57983,3.83982,1.60173
1768353319,94935.41,3.28059,94935.42,1.57983,3.83205,1.60173
1768353319,94935.41,4.20291,94935.42,1.57983,4.75437,1.60173
1768353319,94935.41,4.15022,94935.42,1.57983,4.75425,1.60173
1768353319,94935.41,4.15043,94935.42,1.55097,4.75458,1.57287
1768353319,94935.41,4.2027,94935.42,1.10145,4.77219,1.11187
1768353320,94935.41,4.2027,94935.42,1.10154,4.71417,1.1051
1768353320,94935.41,4.20285,94935.42,0.59862,4.80527,0.68279
1768353320,94935.41,4.24285,94935.42,0.59862,4.84527,0.68279
1768353320,94935.41,4.24285,94935.42,0.59862,4.84527,0.68279
1768353320,94935.41,4.10704,94935.42,0.59862,4.70946,0.68279
1768353320,94935.41,4.10704,94935.42,0.57472,4.81234,0.65889
1768353320,94937.3,6.75469,94937.31,0.00245,11.9994,0.08725
1768353320,94937.8,6.57306,94937.81,0.00283,11.53828,0.08769
1768353320,94937.8,6.593,94937.81,0.00287,7.01093,0.08796
1768353320,94937.8,6.63314,94937.81,0.00293,6.95266,0.08815
1768353321,94937.8,6.63336,94937.81,0.00417,6.95683,0.08933
1768353321,94937.8,6.63336,94937.81,0.00275,7.3048,0.08785
1768353321,94937.8,5.92237,94937.81,0.00287,6.73368,0.08809
1768353321,94937.8,5.92255,94937.81,0.01009,6.73003,0.09531
1768353321,94937.8,5.92255,94937.81,0.01009,6.72997,0.09531
1768353321,94937.8,5.92255,94937.81,0.01009,6.72997,0.09531
1768353321,94937.8,5.92255,94937.81,0.00909,6.72977,0.09431
1768353321,94937.8,5.92255,94937.81,0.00909,6.72977,0.09431
1768353321,94937.8,1.84845,94937.81,2.03427,2.23751,2.17706
1768353321,94937.8,1.82883,94937.81,2.03472,2.21771,2.06763
1768353322,94937.8,0.7823,94937.81,2.41104,0.78485,2.60582
1768353322,94937.8,0.86824,94937.81,2.41301,0.87031,2.60785
1768353322,94937.8,0.86784,94937.81,2.41301,0.86997,2.60779
1768353322,94938.91,6.45218,94938.92,0.00303,7.67013,0.10195
1768353322,94938.91,6.56151,94938.92,0.01049,7.13164,0.10907
1768353322,94938.91,6.7504,94938.92,0.01057,7.2827,0.10919
1768353322,94938.91,6.03941,94938.92,0.01024,6.57161,0.10912
1768353322,94938.91,6.07322,94938.92,0.01188,6.70359,0.11079
1768353322,94938.91,6.07342,94938.92,0.01024,6.70354,0.10921
1768353322,94938.91,6.07342,94938.92,0.00314,6.70354,0.10202
1768353323,94938.91,5.88294,94938.92,0.01006,6.51324,0.10894
1768353323,94938.91,5.88294,94938.92,0.01176,6.51324,0.11064
1768353323,94938.91,5.88294,94938.92,0.00906,6.51324,0.10794
1768353323,94938.91,5.88294,94938.92,0.00906,6.51324,0.10794
1768353323,94938.91,5.88294,94938.92,1.22194,6.51354,1.38325
1768353323,94938.91,6.02983,94938.92,1.25896,6.66043,1.42035
1768353323,94938.91,6.03007,94938.92,1.25896,6.66085,1.42041
1768353323,94938.91,6.03007,94938.92,1.25902,6.66085,1.42053
1768353323,94938.91,3.32713,94938.92,1.88477,3.89005,2.0458
1768353323,94938.91,3.02816,94938.92,2.19919,3.41824,2.46089
1768353324,94938.91,3.02843,94938.92,2.21335,3.56028,2.47511
1768353324,94938.91,3.0287,94938.92,2.21335,3.56067,2.47511
1768353324,94938.91,3.02859,94938.92,1.94151,3.56038,2.10254
1768353324,94938.91,3.02859,94938.92,1.95521,3.56038,2.11618
1768353324,94940.15,3.84551,94940.16,0.00372,6.23663,0.03541
1768353324,94940.15,4.7678,94940.16,0.00514,5.8945,0.03731
1768353324,94940.15,4.76826,94940.16,0.0049,5.7424,0.03695
1768353324,94940.15,4.82202,94940.16,0.0039,5.7561,0.03595
1768353324,94940.15,4.82202,94940.16,0.00396,5.7561,0.03607
1768353324,94940.15,4.96402,94940.16,0.56674,5.76848,0.59906
1768353325,94940.15,4.9607,94940.16,0.56674,5.71066,0.59906
1768353325,94940.15,4.96105,94940.16,0.56602,5.71101,0.59828
1768353325,94940.15,4.96011,94940.16,0.56602,5.71007,0.59828
1768353325,94940.15,4.96011,94940.16,0.56602,5.71007,0.59828
1768353325,94940.15,4.98745,94940.16,0.56596,5.73741,0.59816
1768353325,94940.15,6.15819,94940.16,0.56596,6.84104,0.59804
1768353325,94940.15,6.15819,94940.16,0.56595,6.84104,0.59809
1768353325,94940.15,6.60279,94940.16,0.56601,7.28564,0.59809
1768353325,94940.15,6.60296,94940.16,0.56601,6.8472,0.59815
1768353325,94940.15,6.60305,94940.16,0.56601,6.84735,0.59815
1768353326,94940.15,6.60305,94940.16,0.56601,6.94723,0.59815
1768353326,94940.15,6.36314,94940.16,0.56601,6.70744,0.59815
1768353326,94940.15,6.36314,94940.16,0.56601,6.70744,0.59815
1768353326,94940.15,6.36314,94940.16,0.56601,6.70744,0.59815
1768353326,94940.15,6.36314,94940.16,0.56601,6.70744,0.59815
1768353326,94940.15,6.36314,94940.16,0.556,6.63512,0.58814
1768353326,94940.15,6.36229,94940.16,0.556,6.63427,0.58814
1768353326,94940.15,6.36229,94940.16,0.55594,6.63433,0.58802
1768353326,94940.15,6.36229,94940.16,0.55594,6.63445,0.58802
1768353326,94940.15,6.36229,94940.16,0.60724,6.63445,0.63932
1768353327,94940.15,6.36229,94940.16,0.54379,6.63445,0.57587
1768353327,94948.41,3.64282,94948.42,1.53536,4.00202,1.65595
1768353327,94948.41,3.58833,94948.42,0.90529,3.90862,1.00256
1768353327,94948.41,3.6213,94948.42,0.39844,4.00767,0.65142
1768353327,94948.41,3.77969,94948.42,0.04861,4.40034,0.1459
1768353327,94948.41,3.77979,94948.42,1.44517,4.16144,1.56624
1768353327,94948.41,3.77927,94948.42,1.44536,3.92622,1.56655
1768353327,94948.41,3.77921,94948.42,1.48936,3.92622,1.61055
1768353327,94948.41,3.77921,94948.42,1.4893,3.9261,1.61049
1768353327,94948.41,3.77921,94948.42,1.48924,4.06805,1.61043
1768353328,94948.41,3.77858,94948.42,1.4893,4.0676,1.61055
1768353328,94948.41,3.77858,94948.42,1.4893,3.92559,1.61055
1768353328,94948.41,2.63609,94948.42,1.55795,2.66035,1.67914
1768353328,94948.41,2.58441,94948.42,1.57174,2.78644,1.69287
1768353328,94948.41,2.62333,94948.42,1.50303,2.68371,1.62416
1768353328,94948.41,2.62372,94948.42,1.6233,2.6841,1.74443
1768353328,94948.41,2.50345,94948.42,1.83307,2.56383,1.95414
1768353328,94948.41,2.50324,94948.42,1.81917,2.56362,1.94024
1768353328,94948.41,2.50294,94948.42,1.81569,2.56326,1.93682
1768353328,94948.41,2.33856,94948.42,2.15512,2.39894,2.27625
1768353329,94948.41,2.33856,94948.42,2.155,2.39894,2.27601
1768353329,94948.41,2.33436,94948.42,2.26052,2.3948,2.38165
1768353329,94948.41,3.68459,94948.42,0.94647,3.72541,1.06754
1768353329,94948.41,3.68459,94948.42,0.94629,3.74485,1.06718
1768353329,94948.41,3.39218,94948.42,0.96051,3.45256,1.08152
1768353329,94948.41,3.39218,94948.42,0.82901,3.50603,0.92612
1768353329,94948.41,3.39227,94948.42,0.853,3.50886,1.08204
1768353329,94948.41,3.40594,94948.42,0.853,3.52265,1.08204
1768353329,94948.41,3.52627,94948.42,0.5592,3.63335,0.65614
1768353329,94948.41,3.51275,94948.42,0.55926,3.62098,0.65614
1768353330,94948.41,3.52645,94948.42,0.55932,3.58115,0.6562
1768353330,94948.41,3.52645,94948.42,0.55932,3.65268,0.6562
1768353330,94948.41,2.60455,94948.42,0.55932,2.7309,0.6562
1768353330,94948.41,2.60455,94948.42,0.79341,2.73766,1.02233
1768353330,94948.41,2.60449,94948.42,0.79347,2.74004,1.02245
1768353330,94948.41,2.48422,94948.42,0.79347,2.61989,1.02251
1768353330,94948.41,2.47079,94948.42,1.81542,2.53243,2.04416
1768353330,94948.41,2.41565,94948.42,1.84462,2.47655,2.07342
1768353330,94948.41,2.41556,94948.42,1.84462,2.47652,2.07342
1768353330,94948.41,1.94377,94948.42,2.34814,1.94748,2.59389
1768353331,94950.14,7.03955,94950.15,0.61511,8.64832,0.62564
1768353331,94950.14,7.13505,94950.15,0.61529,7.51575,0.62617
1768353331,94950.14,6.45249,94950.15,0.61523,6.94638,0.62611
1768353331,94950.14,6.49237,94950.15,0.7355,6.81123,0.74613
1768353331,94950.14,6.47261,94950.15,0.7355,6.54935,0.74613
1768353331,94950.14,6.47275,94950.15,0.7355,6.54937,0.74613
1768353331,94950.14,6.47275,94950.15,0.7355,6.56221,0.7462
1768353331,94950.14,6.46706,94950.15,0.7355,6.5567,0.7462
1768353331,94950.14,6.46706,94950.15,0.7355,6.5567,0.7462
1768353331,94950.14,6.47313,94950.15,0.7342,6.56277,0.7449
1768353332,94950.14,6.47313,94950.15,0.7342,6.56277,0.7449
1768353332,94950.14,6.47313,94950.15,0.7342,6.56277,0.7449
1768353332,94950.14,6.44894,94950.15,0.7342,6.53858,0.7449
1768353332,94950.14,6.44894,94950.15,0.7342,6.53858,0.7449
1768353332,94950.14,6.44904,94950.15,0.7342,6.53868,0.7449
1768353332,94950.14,6.45523,94950.15,0.7342,6.54487,0.7449
1768353332,94950.14,6.44904,94950.15,0.7342,6.53868,0.7449
1768353332,94950.14,6.44904,94950.15,0.7342,6.53868,0.7449
1768353332,94950.14,6.44904,94950.15,0.7342,6.53868,0.7449
1768353332,94950.14,6.43644,94950.15,1.02639,6.52608,1.03709
1768353333,94950.14,6.04451,94950.15,1.56585,6.14061,1.57277
1768353333,94950.14,3.87158,94950.15,2.85802,3.94586,2.86503
1768353333,94950.54,6.36055,94950.55,0.68057,11.4382,0.69997
1768353333,94950.54,5.71561,94950.55,0.00452,8.79844,0.02443
1768353333,94950.54,6.66839,94950.55,0.00567,8.81917,0.02564
1768353333,94950.54,5.93372,94950.55,0.00567,8.04438,0.0255
1768353333,94950.54,5.8674,94950.55,0.00467,7.46986,0.02444
1768353333,94950.54,5.93394,94950.55,0.00467,7.5362,0.02458
1768353333,94950.54,5.93394,94950.55,0.00485,7.5362,0.02476
1768353333,94950.54,5.93394,94950.55,0.00355,7.5362,0.02346
1768353334,94950.54,5.93394,94950.55,0.00355,7.5362,0.02346
1768353334,94951.61,5.7285,94951.62,0.00272,12.93166,0.02211
1768353334,94951.61,5.76527,94951.62,0.00479,8.7604,0.02455
1768353334,94952.34,4.68567,94952.35,0.0029,9.56804,0.00711
1768353334,94952.34,4.75759,94952.35,0.00332,6.55197,0.00758
1768353334,94952.34,2.40651,94952.35,0.67446,4.07649,0.67872
1768353334,94952.34,2.62637,94952.35,0.92741,3.31869,0.93167
1768353334,94952.34,2.62655,94952.35,0.92741,3.31887,0.93167
1768353334,94952.34,2.63171,94952.35,0.7115,3.32998,0.71576
1768353334,94952.34,2.63671,94952.35,0.71156,2.97474,0.71588
1768353335,94952.34,1.90144,94952.35,1.00394,2.23947,1.00826
1768353335,94952.34,1.89634,94952.35,1.00388,2.58217,1.00808
1768353335,94952.34,2.02014,94952.35,1.00388,3.62757,1.00808
1768353335,94952.34,2.30824,94952.35,0.71134,3.81519,0.7156
1768353335,94952.34,2.3078,94952.35,1.07938,2.75865,1.0837
1768353335,94952.34,2.308,94952.35,0.69612,2.61812,0.7005
1768353335,94952.34,2.30809,94952.35,0.69801,2.61845,0.70239
1768353335,94952.34,2.32747,94952.35,0.09821,2.63729,0.10253
1768353335,94952.34,2.46948,94952.35,0.09821,3.12698,0.10259
1768353335,94952.34,2.46329,94952.35,0.09827,2.77305,0.10265
1768353336,94952.34,2.09939,94952.35,1.99667,2.14791,2.01612
1768353336,94952.34,2.0996,94952.35,2.01502,2.49574,2.01673
1768353336,94952.34,2.0996,94952.35,2.01805,2.49574,2.01976
1768353336,94952.34,2.0996,94952.35,2.01805,2.49574,2.01976
1768353336,94952.34,1.86741,94952.35,2.1414,2.26349,2.15887
1768353336,94952.34,1.85652,94952.35,2.15944,2.25266,2.1773
1768353336,94952.34,1.85646,94952.35,2.15944,2.25254,2.17748
1768353336,94952.34,1.85646,94952.35,2.15944,2.25254,2.17748
1768353336,94952.34,1.85731,94952.35,2.15914,2.25339,2.17706
1768353336,94952.34,1.85731,94952.35,2.15914,2.25339,2.17706
1768353337,94952.34,1.85731,94952.35,2.17745,2.25339,2.19537
1768353337,94952.34,1.85725,94952.35,2.17781,2.25333,2.19573
1768353337,94952.34,1.85725,94952.35,2.17781,2.25333,2.19576
1768353337,94952.34,1.85719,94952.35,2.0725,2.25327,2.09051
1768353337,94952.34,1.85719,94952.35,2.05437,2.25327,2.07226
1768353337,94952.34,1.84285,94952.35,2.07229,2.23987,2.09012
1768353337,94952.34,1.8573,94952.35,2.07229,2.25432,2.09012
1768353337,94952.34,1.8573,94952.35,2.07235,2.25432,2.09024
1768353337,94952.34,1.8573,94952.35,2.07241,2.25432,2.09036
1768353337,94952.34,1.8491,94952.35,2.07241,2.24612,2.09036
1768353338,94952.34,1.84916,94952.35,2.07241,2.24624,2.09036
1768353338,94952.34,1.8491,94952.35,2.07248,2.24612,2.09043
1768353338,94952.34,1.79754,94952.35,2.15957,2.19474,2.16352
1768353338,94952.34,1.15877,94952.35,2.20126,1.24745,2.21878
1768353338,94952.34,0.86588,94952.35,2.20338,0.91546,2.69953
1768353338,94952.34,2.77372,94952.35,2.03793,3.17092,2.03983
1768353338,94952.34,2.18244,94952.35,2.14049,2.23184,2.16565
1768353338,94952.34,2.1826,94952.35,2.03369,2.57968,2.05927
1768353338,94952.34,2.18183,94952.35,2.08785,2.57891,2.12626
1768353338,94952.34,2.18183,94952.35,2.1272,2.57897,2.16582
1768353339,94952.34,2.18183,94952.35,2.1272,2.57897,2.16582
1768353339,94952.34,2.18183,94952.35,2.1272,2.57897,2.16582
1768353339,94952.34,2.18183,94952.35,2.12714,2.23123,2.1657
1768353339,94952.34,2.16616,94952.35,2.12714,2.5633,2.1657
1768353339,94952.34,2.60526,94952.35,0.24951,2.88437,0.27551
1768353339,94952.34,3.55454,94952.35,0.9569,3.64272,0.98245
1768353339,94952.34,3.55474,94952.35,0.9569,3.64292,0.98236
1768353339,94952.34,3.55589,94952.35,0.95665,3.64407,0.98211
1768353339,94952.34,3.55609,94952.35,0.95665,3.64427,0.98211
1768353339,94952.34,3.55099,94952.35,0.95659,3.63917,0.95815
1768353340,94952.34,3.55099,94952.35,0.98036,3.63917,0.98183
1768353340,94952.34,3.55053,94952.35,0.27673,3.63859,0.2782
1768353340,94952.34,3.1922,94952.35,2.01732,3.28071,2.056
1768353340,94952.34,3.2062,94952.35,2.01774,3.2556,2.06025
1768353340,94952.34,3.20632,94952.35,2.0178,3.29532,2.06031
1768353340,94952.34,3.20623,94952.35,2.01603,3.29541,2.05854
1768353340,94952.34,3.20593,94952.35,2.01603,3.29404,2.05854
1768353340,94952.34,3.2042,94952.35,2.01603,3.29237,2.05854
